<?xml version="1.0" encoding="UTF-8"?>
<!DOCTYPE html PUBLIC "-//W3C//DTD XHTML 1.0 Transitional//EN"
    "http://www.w3.org/TR/xhtml1/DTD/xhtml1-transitional.dtd">
<html xmlns="http://www.w3.org/1999/xhtml" xml:lang="en" lang="en">
 <head>
  <title>
</title>
<meta http-equiv="Content-Type" content="text/html;charset=utf-8" />
  <meta name='ocr-system' content='tesseract 3.04.00' />
  <meta name='ocr-capabilities' content='ocr_page ocr_carea ocr_par ocr_line ocrx_word'/>
</head>
<body>
  <div class='ocr_page' id='page_1' title='image "./4768551_0021.png"; bbox 0 0 2295 2824; ppageno 0'>
   <div class='ocr_carea' id='block_1_1' title="bbox 1180 86 1198 108">
    <p class='ocr_par' dir='ltr' id='par_1_1' title="bbox 1180 86 1198 108">
     <span class='ocr_line' id='line_1_1' title="bbox 1180 86 1198 108; baseline 0 0"><span class='ocrx_word' id='word_1_1' title='bbox 1180 86 1198 108; x_wconf 69' lang='lat'><em>0</em></span> 
     </span>
    </p>
   </div>
   <div class='ocr_carea' id='block_1_2' title="bbox 964 116 1342 159">
    <p class='ocr_par' dir='ltr' id='par_1_2' title="bbox 964 116 1342 159">
     <span class='ocr_line' id='line_1_2' title="bbox 964 116 1342 159; baseline 0.003 -13"><span class='ocrx_word' id='word_1_2' title='bbox 964 116 1342 159; x_wconf 74' lang='lat'><strong>—12—</strong></span> 
     </span>
    </p>
   </div>
   <div class='ocr_carea' id='block_1_3' title="bbox 184 225 2165 1711">
    <p class='ocr_par' dir='ltr' id='par_1_3' title="bbox 184 225 2165 1711">
     <span class='ocr_line' id='line_1_3' title="bbox 184 225 2111 286; baseline -0.002 -15"><span class='ocrx_word' id='word_1_3' title='bbox 184 234 384 285; x_wconf 83' lang='lat' dir='ltr'>parietum</span> <span class='ocrx_word' id='word_1_4' title='bbox 412 232 565 270; x_wconf 82' lang='lat' dir='ltr'><strong>ambitu</strong></span> <span class='ocrx_word' id='word_1_5' title='bbox 593 230 700 268; x_wconf 74' lang='lat' dir='ltr'><strong>suavi</strong></span> <span class='ocrx_word' id='word_1_6' title='bbox 725 229 815 264; x_wconf 90' lang='lat' dir='ltr'><strong>luce</strong></span> <span class='ocrx_word' id='word_1_7' title='bbox 843 225 1059 265; x_wconf 80' lang='lat' dir='ltr'><strong>collustret.</strong></span> <span class='ocrx_word' id='word_1_8' title='bbox 1109 231 1247 280; x_wconf 90' lang='lat' dir='ltr'><strong>Itaque</strong></span> <span class='ocrx_word' id='word_1_9' title='bbox 1273 230 1419 267; x_wconf 90' lang='lat' dir='ltr'><strong>minuta</strong></span> <span class='ocrx_word' id='word_1_10' title='bbox 1446 229 1657 279; x_wconf 80' lang='lat' dir='ltr'><strong>quaedam,</strong></span> <span class='ocrx_word' id='word_1_11' title='bbox 1691 243 1793 280; x_wconf 84' lang='lat' dir='ltr'><strong>quae</strong></span> <span class='ocrx_word' id='word_1_12' title='bbox 1817 235 1869 274; x_wconf 74' lang='lat' dir='ltr'><strong>oh</strong></span> <span class='ocrx_word' id='word_1_13' title='bbox 1896 239 2111 286; x_wconf 75' lang='lat' dir='ltr'><strong>argumenti</strong></span> 
     </span>
     <span class='ocr_line' id='line_1_4' title="bbox 186 285 2112 349; baseline 0.003 -17"><span class='ocrx_word' id='word_1_14' title='bbox 186 292 444 332; x_wconf 75' lang='lat' dir='ltr'><strong>subtilitatem</strong></span> <span class='ocrx_word' id='word_1_15' title='bbox 468 304 547 341; x_wconf 84' lang='lat' dir='ltr'><strong>per</strong></span> <span class='ocrx_word' id='word_1_16' title='bbox 567 287 716 339; x_wconf 82' lang='lat' dir='ltr'><strong>singula</strong></span> <span class='ocrx_word' id='word_1_17' title='bbox 743 285 939 324; x_wconf 89' lang='lat' dir='ltr'><strong>elaborari</strong></span> <span class='ocrx_word' id='word_1_18' title='bbox 964 289 1202 342; x_wconf 85' lang='lat' dir='ltr'><strong>propiusque</strong></span> <span class='ocrx_word' id='word_1_19' title='bbox 1230 290 1379 340; x_wconf 79' lang='lat' dir='ltr'><strong>adspi&#39;ci</strong></span> <span class='ocrx_word' id='word_1_20' title='bbox 1410 291 1592 341; x_wconf 86' lang='lat' dir='ltr'><strong>cupiunt,</strong></span> <span class='ocrx_word' id='word_1_21' title='bbox 1629 299 1708 329; x_wconf 87' lang='lat' dir='ltr'><strong>tam</strong></span> <span class='ocrx_word' id='word_1_22' title='bbox 1743 293 1863 333; x_wconf 88' lang='lat' dir='ltr'><strong>nitide</strong></span> <span class='ocrx_word' id='word_1_23' title='bbox 1896 307 2013 349; x_wconf 82' lang='lat' dir='ltr'><strong>saepe</strong></span> <span class='ocrx_word' id='word_1_24' title='bbox 2039 298 2112 337; x_wconf 77' lang='lat' dir='ltr'><strong>‚de-</strong></span> 
     </span>
     <span class='ocr_line' id='line_1_5' title="bbox 190 348 2112 415; baseline -0.001 -20"><span class='ocrx_word' id='word_1_25' title='bbox 190 355 348 402; x_wconf 67' lang='lat' dir='ltr'><strong>aei-ibit,</strong></span> <span class='ocrx_word' id='word_1_26' title='bbox 384 361 428 391; x_wconf 89' lang='lat' dir='ltr'><strong>ut</strong></span> <span class='ocrx_word' id='word_1_27' title='bbox 462 350 582 388; x_wconf 87' lang='lat' dir='ltr'><strong>oculis</strong></span> <span class='ocrx_word' id='word_1_28' title='bbox 613 360 738 399; x_wconf 89' lang='lat' dir='ltr'><strong>paene</strong></span> <span class='ocrx_word' id='word_1_29' title='bbox 763 348 858 398; x_wconf 83' lang='lat' dir='ltr'><strong>ipsis</strong></span> <span class='ocrx_word' id='word_1_30' title='bbox 895 349 1067 400; x_wconf 89' lang='lat' dir='ltr'><strong>depictas</strong></span> <span class='ocrx_word' id='word_1_31' title='bbox 1102 366 1164 391; x_wconf 87' lang='lat' dir='ltr'><strong>res</strong></span> <span class='ocrx_word' id='word_1_32' title='bbox 1196 353 1308 391; x_wconf 89' lang='lat' dir='ltr'><strong>nobis</strong></span> <span class='ocrx_word' id='word_1_33' title='bbox 1352 355 1487 394; x_wconf 78' lang='lat' dir='ltr'><strong>videre</strong></span> <span class='ocrx_word' id='word_1_34' title='bbox 1518 354 1721 394; x_wconf 80' lang='lat' dir='ltr'><strong>videamur</strong></span> <span class='ocrx_word' id='word_1_35' title='bbox 1737 356 1781 406; x_wconf 79' lang='lat'><strong>⁸).</strong></span> <span class='ocrx_word' id='word_1_36' title='bbox 1834 357 1986 415; x_wconf 77' lang='lat' dir='ltr'><strong>Quibus</strong></span> <span class='ocrx_word' id='word_1_37' title='bbox 2013 360 2112 399; x_wconf 79' lang='lat' dir='ltr'><strong>adde</strong></span> 
     </span>
     <span class='ocr_line' id='line_1_6' title="bbox 192 411 2112 471; baseline 0.003 -15"><span class='ocrx_word' id='word_1_38' title='bbox 192 415 354 462; x_wconf 73' lang='lat' dir='ltr'><strong>versus,</strong></span> <span class='ocrx_word' id='word_1_39' title='bbox 391 412 463 461; x_wconf 79' lang='lat' dir='ltr'><strong>nisi</strong></span> <span class='ocrx_word' id='word_1_40' title='bbox 488 411 559 449; x_wconf 93' lang='lat' dir='ltr'><strong>ubi</strong></span> <span class='ocrx_word' id='word_1_41' title='bbox 581 412 857 451; x_wconf 84' lang='lat' dir='ltr'><strong>Lucretianam</strong></span> <span class='ocrx_word' id='word_1_42' title='bbox 885 413 1171 464; x_wconf 87' lang='lat' dir='ltr'><strong>simplicitatem</strong></span> <span class='ocrx_word' id='word_1_43' title='bbox 1197 417 1374 466; x_wconf 81' lang='lat' dir='ltr'><strong>affectat,</strong></span> <span class='ocrx_word' id='word_1_44' title='bbox 1418 420 1482 457; x_wconf 86' lang='lat' dir='ltr'><strong>ad.</strong></span> <span class='ocrx_word' id='word_1_45' title='bbox 1501 433 1671 471; x_wconf 86' lang='lat' dir='ltr'><strong>unguem</strong></span> <span class='ocrx_word' id='word_1_46' title='bbox 1704 420 1828 459; x_wconf 88' lang='lat' dir='ltr'><strong>factos</strong></span> <span class='ocrx_word' id='word_1_47' title='bbox 1857 430 1897 460; x_wconf 91' lang='lat' dir='ltr'><strong>et</strong></span> <span class='ocrx_word' id='word_1_48' title='bbox 1920 424 2112 461; x_wconf 77' lang='lat' dir='ltr'><strong>rotundis-</strong></span> 
     </span>
     <span class='ocr_line' id='line_1_7' title="bbox 195 477 2113 535; baseline 0.002 -15"><span class='ocrx_word' id='word_1_49' title='bbox 195 482 323 526; x_wconf 70' lang='lat' dir='ltr'><strong>simos,</strong></span> <span class='ocrx_word' id='word_1_50' title='bbox 347 477 536 528; x_wconf 83' lang='lat' dir='ltr'>periodos</span> <span class='ocrx_word' id='word_1_51' title='bbox 562 489 700 527; x_wconf 85' lang='lat' dir='ltr'><strong>magna</strong></span> <span class='ocrx_word' id='word_1_52' title='bbox 726 477 963 528; x_wconf 82' lang='lat' dir='ltr'><strong>plerumque</strong></span> <span class='ocrx_word' id='word_1_53' title='bbox 990 490 1078 516; x_wconf 91' lang='lat' dir='ltr'><strong>cum</strong></span> <span class='ocrx_word' id='word_1_54' title='bbox 1104 488 1187 517; x_wconf 88' lang='lat' dir='ltr'><strong>arte</strong></span> <span class='ocrx_word' id='word_1_55' title='bbox 1223 483 1425 520; x_wconf 86' lang='lat' dir='ltr'><strong>conclusas</strong></span> <span class='ocrx_word' id='word_1_56' title='bbox 1461 490 1501 519; x_wconf 88' lang='lat' dir='ltr'><strong>et</strong></span> <span class='ocrx_word' id='word_1_57' title='bbox 1536 491 1719 531; x_wconf 88' lang='lat' dir='ltr'><strong>structas,</strong></span> <span class='ocrx_word' id='word_1_58' title='bbox 1753 483 1921 535; x_wconf 87' lang='lat' dir='ltr'><strong>denique</strong></span> <span class='ocrx_word' id='word_1_59' title='bbox 1947 485 2113 524; x_wconf 88' lang='lat' dir='ltr'><strong>formam</strong></span> 
     </span>
     <span class='ocr_line' id='line_1_8' title="bbox 197 538 2112 597; baseline 0.004 -18"><span class='ocrx_word' id='word_1_60' title='bbox 197 538 490 591; x_wconf 82' lang='lat' dir='ltr'><strong>diligentissime</strong></span> <span class='ocrx_word' id='word_1_61' title='bbox 524 546 706 577; x_wconf 84' lang='lat' dir='ltr'><strong>curatam.</strong></span> <span class='ocrx_word' id='word_1_62' title='bbox 775 538 928 597; x_wconf 76' lang='lat' dir='ltr'><strong>Quodsi</strong></span> <span class='ocrx_word' id='word_1_63' title='bbox 958 539 1142 580; x_wconf 85' lang='lat' dir='ltr'><strong>breviore</strong></span> <span class='ocrx_word' id='word_1_64' title='bbox 1174 542 1251 581; x_wconf 89' lang='lat' dir='ltr'><strong>hoc</strong></span> <span class='ocrx_word' id='word_1_65' title='bbox 1288 543 1412 581; x_wconf 83' lang='lat' dir='ltr'><strong>stadio</strong></span> <span class='ocrx_word' id='word_1_66' title='bbox 1446 544 1675 583; x_wconf 83' lang='lat' dir='ltr'><strong>industriam</strong></span> <span class='ocrx_word' id='word_1_67' title='bbox 1704 559 1811 584; x_wconf 87' lang='lat' dir='ltr'><strong>suam</strong></span> <span class='ocrx_word' id='word_1_68' title='bbox 1842 547 2032 586; x_wconf 83' lang='lat' dir='ltr'><strong>voluisset</strong></span> <span class='ocrx_word' id='word_1_69' title='bbox 2057 547 2112 585; x_wconf 89' lang='lat' dir='ltr'><strong>in-</strong></span> 
     </span>
     <span class='ocr_line' id='line_1_9' title="bbox 195 600 2113 657; baseline 0.002 -15"><span class='ocrx_word' id='word_1_70' title='bbox 195 603 371 651; x_wconf 83' lang='lat' dir='ltr'><strong>cludere,</strong></span> <span class='ocrx_word' id='word_1_71' title='bbox 397 604 595 654; x_wconf 81' lang='lat' dir='ltr'><strong>ampliore,</strong></span> <span class='ocrx_word' id='word_1_72' title='bbox 619 603 695 641; x_wconf 90' lang='lat' dir='ltr'><strong>nisi</strong></span> <span class='ocrx_word' id='word_1_73' title='bbox 719 600 850 652; x_wconf 78' lang='lat' dir='ltr'><strong>fallor,</strong></span> <span class='ocrx_word' id='word_1_74' title='bbox 875 603 1001 641; x_wconf 86' lang='lat' dir='ltr'><strong>laude·</strong></span> <span class='ocrx_word' id='word_1_75' title='bbox 1017 604 1154 655; x_wconf 87' lang='lat' dir='ltr'><strong>dignus</strong></span> <span class='ocrx_word' id='word_1_76' title='bbox 1181 606 1390 644; x_wconf 90' lang='lat' dir='ltr'><strong>censendus</strong></span> <span class='ocrx_word' id='word_1_77' title='bbox 1406 614 1518 643; x_wconf 88' lang='lat' dir='ltr'><strong>esset.</strong></span> <span class='ocrx_word' id='word_1_78' title='bbox 1553 607 1669 644; x_wconf 85' lang='lat' dir='ltr'><strong>Nunc</strong></span> <span class='ocrx_word' id='word_1_79' title='bbox 1695 620 1811 655; x_wconf 82' lang='lat' dir='ltr'><strong>vere,</strong></span> <span class='ocrx_word' id='word_1_80' title='bbox 1835 607 2018 657; x_wconf 74' lang='lat' dir='ltr'><strong>despecta</strong></span> <span class='ocrx_word' id='word_1_81' title='bbox 2040 610 2113 647; x_wconf 90' lang='lat' dir='ltr'><strong>ista</strong></span> 
     </span>
     <span class='ocr_line' id='line_1_10' title="bbox 192 667 2112 717; baseline 0.001 -11"><span class='ocrx_word' id='word_1_82' title='bbox 192 681 330 707; x_wconf 84' lang='lat' dir='ltr'><strong>rerum</strong></span> <span class='ocrx_word' id='word_1_83' title='bbox 354 668 598 706; x_wconf 83' lang='lat' dir='ltr'><strong>terrestrium</strong></span> <span class='ocrx_word' id='word_1_84' title='bbox 622 667 849 714; x_wconf 87' lang='lat' dir='ltr'><strong>humilitate,</strong></span> <span class='ocrx_word' id='word_1_85' title='bbox 874 668 913 704; x_wconf 87' lang='lat' dir='ltr'><strong>in</strong></span> <span class='ocrx_word' id='word_1_86' title='bbox 940 667 1038 704; x_wconf 89' lang='lat' dir='ltr'><strong>caeli</strong></span> <span class='ocrx_word' id='word_1_87' title='bbox 1064 668 1257 706; x_wconf 88' lang='lat' dir='ltr'><strong>dumtaxat</strong></span> <span class='ocrx_word' id='word_1_88' title='bbox 1282 669 1521 706; x_wconf 87' lang='lat' dir='ltr'><strong>maiestatem</strong></span> <span class='ocrx_word' id='word_1_89' title='bbox 1547 668 1836 706; x_wconf 87' lang='lat' dir='ltr'><strong>escendendum</strong></span> <span class='ocrx_word' id='word_1_90' title='bbox 1863 678 1963 717; x_wconf 86' lang='lat' dir='ltr'><strong>erat,</strong></span> <span class='ocrx_word' id='word_1_91' title='bbox 1988 670 2112 708; x_wconf 87' lang='lat' dir='ltr'><strong>Phae-</strong></span> 
     </span>
     <span class='ocr_line' id='line_1_11' title="bbox 193 729 2110 783; baseline 0.001 -16"><span class='ocrx_word' id='word_1_92' title='bbox 193 730 415 779; x_wconf 79' lang='lat' dir='ltr'><strong>thontisque</strong></span> <span class='ocrx_word' id='word_1_93' title='bbox 445 729 662 779; x_wconf 86' lang='lat' dir='ltr'><strong>repetenda</strong></span> <span class='ocrx_word' id='word_1_94' title='bbox 694 729 891 766; x_wconf 88' lang='lat' dir='ltr'><strong>memoria.</strong></span> <span class='ocrx_word' id='word_1_95' title='bbox 959 730 1056 765; x_wconf 84' lang='lat' dir='ltr'><strong>Nam</strong></span> <span class='ocrx_word' id='word_1_96' title='bbox 1089 729 1276 767; x_wconf 83' lang='lat' dir='ltr'><strong>excidisse</strong></span> <span class='ocrx_word' id='word_1_97' title='bbox 1311 731 1409 767; x_wconf 90' lang='lat' dir='ltr'><strong>ausis</strong></span> <span class='ocrx_word' id='word_1_98' title='bbox 1444 731 1710 780; x_wconf 82' lang='lat' dir='ltr'><strong>unusquisque</strong></span> <span class='ocrx_word' id='word_1_99' title='bbox 1743 743 1833 767; x_wconf 89' lang='lat' dir='ltr'><strong>eum</strong></span> <span class='ocrx_word' id='word_1_100' title='bbox 1867 732 1933 783; x_wconf 88' lang='lat' dir='ltr'><strong>qui</strong></span> <span class='ocrx_word' id='word_1_101' title='bbox 1962 732 2110 782; x_wconf 84' lang='lat' dir='ltr'><strong>legerit,</strong></span> 
     </span>
     <span class='ocr_line' id='line_1_12' title="bbox 196 787 2165 843; baseline 0 -13"><span class='ocrx_word' id='word_1_102' title='bbox 196 792 389 839; x_wconf 81' lang='lat' dir='ltr'><strong>affirmet,</strong></span> <span class='ocrx_word' id='word_1_103' title='bbox 428 791 700 842; x_wconf 80' lang='lat' dir='ltr'><strong>concedatque</strong></span> <span class='ocrx_word' id='word_1_104' title='bbox 731 803 888 828; x_wconf 88' lang='lat' dir='ltr'><strong>necesse</strong></span> <span class='ocrx_word' id='word_1_105' title='bbox 916 799 992 837; x_wconf 88' lang='lat' dir='ltr'><strong>est,</strong></span> <span class='ocrx_word' id='word_1_106' title='bbox 1039 804 1117 828; x_wconf 91' lang='lat' dir='ltr'><strong>non</strong></span> <span class='ocrx_word' id='word_1_107' title='bbox 1143 792 1182 828; x_wconf 89' lang='lat' dir='ltr'><strong>in</strong></span> <span class='ocrx_word' id='word_1_108' title='bbox 1220 804 1455 843; x_wconf 87' lang='lat' dir='ltr'><strong>quemquam</strong></span> <span class='ocrx_word' id='word_1_109' title='bbox 1482 793 1705 829; x_wconf 84' lang='lat' dir='ltr'><strong>mortalium</strong></span> <span class='ocrx_word' id='word_1_110' title='bbox 1730 793 1850 843; x_wconf 85' lang='lat' dir='ltr'><strong>magis</strong></span> <span class='ocrx_word' id='word_1_111' title='bbox 1876 806 1992 843; x_wconf 91' lang='lat' dir='ltr'><strong>posse</strong></span> <span class='ocrx_word' id='word_1_112' title='bbox 2017 787 2128 830; x_wconf 36' lang='lat' dir='ltr'><strong>illud*</strong></span> <span class='ocrx_word' id='word_1_113' title='bbox 2158 794 2165 802; x_wconf 71' lang='grc'><strong><em>”</em></strong></span> 
     </span>
     <span class='ocr_line' id='line_1_13' title="bbox 197 851 2112 905; baseline 0.001 -15"><span class='ocrx_word' id='word_1_114' title='bbox 197 851 457 890; x_wconf 86' lang='lat' dir='ltr'><strong>Goethianum</strong></span> <span class='ocrx_word' id='word_1_115' title='bbox 483 851 580 905; x_wconf 86' lang='lat' dir='ltr'><strong>dici,</strong></span> <span class='ocrx_word' id='word_1_116' title='bbox 619 865 734 901; x_wconf 87' lang='lat' dir='ltr'><strong>quam</strong></span> <span class='ocrx_word' id='word_1_117' title='bbox 759 852 799 888; x_wconf 91' lang='lat' dir='ltr'><strong>in</strong></span> <span class='ocrx_word' id='word_1_118' title='bbox 829 851 1045 889; x_wconf 87' lang='lat' dir='ltr'><strong>Manilium:</strong></span> <span class='ocrx_word' id='word_1_119' title='bbox 1091 852 1230 890; x_wconf 83' lang='lat' dir='ltr'><strong>similis</strong></span> <span class='ocrx_word' id='word_1_120' title='bbox 1256 855 1397 892; x_wconf 86' lang='lat' dir='ltr'><strong>cicadae</strong></span> <span class='ocrx_word' id='word_1_121' title='bbox 1433 856 1631 903; x_wconf 81' lang='lat' dir='ltr'><strong>longipedis</strong></span> <span class='ocrx_word' id='word_1_122' title='bbox 1664 857 1825 893; x_wconf 77' lang='lat' dir='ltr'><strong>aethram</strong></span> <span class='ocrx_word' id='word_1_123' title='bbox 1851 859 1964 903; x_wconf 84' lang='lat' dir='ltr'><strong>petit,</strong></span> <span class='ocrx_word' id='word_1_124' title='bbox 2013 857 2112 893; x_wconf 77' lang='lat' dir='ltr'><strong>Mox</strong></span> 
     </span>
     <span class='ocr_line' id='line_1_14' title="bbox 196 908 2078 965; baseline -0.001 -13"><span class='ocrx_word' id='word_1_125' title='bbox 196 915 413 953; x_wconf 84' lang='lat' dir='ltr'><strong>cantilenam</strong></span> <span class='ocrx_word' id='word_1_126' title='bbox 438 915 475 950; x_wconf 85' lang='lat' dir='ltr'><strong>in</strong></span> <span class='ocrx_word' id='word_1_127' title='bbox 496 915 660 961; x_wconf 83' lang='lat' dir='ltr'><strong>gramine</strong></span> <span class='ocrx_word' id='word_1_128' title='bbox 685 916 873 963; x_wconf 77' lang='lat' dir='ltr'><strong>antiquam</strong></span> <span class='ocrx_word' id='word_1_129' title='bbox 898 914 1002 965; x_wconf 79' lang='lat' dir='ltr'><strong>refert</strong></span> <span class='ocrx_word' id='word_1_130' title='bbox 1020 915 1068 963; x_wconf 85' lang='lat'><strong>⁰).</strong></span> <span class='ocrx_word' id='word_1_131' title='bbox 1959 908 1973 919; x_wconf 53' lang='lat'><strong>²</strong></span> <span class='ocrx_word' id='word_1_132' title='bbox 2075 957 2078 962; x_wconf 19' lang='grc'><em>1</em></span> 
     </span>
     <span class='ocr_line' id='line_1_15' title="bbox 382 977 2112 1033; baseline 0.002 -20"><span class='ocrx_word' id='word_1_133' title='bbox 382 978 518 1026; x_wconf 84' lang='lat' dir='ltr'><strong>Neque</strong></span> <span class='ocrx_word' id='word_1_134' title='bbox 541 984 671 1013; x_wconf 90' lang='lat' dir='ltr'><strong>tamen</strong></span> <span class='ocrx_word' id='word_1_135' title='bbox 699 978 772 1014; x_wconf 87' lang='lat' dir='ltr'><strong>ista</strong></span> <span class='ocrx_word' id='word_1_136' title='bbox 798 977 981 1014; x_wconf 89' lang='lat' dir='ltr'><strong>orationis</strong></span> <span class='ocrx_word' id='word_1_137' title='bbox 1007 978 1267 1026; x_wconf 84' lang='lat' dir='ltr'><strong>inaequalitas·</strong></span> <span class='ocrx_word' id='word_1_138' title='bbox 1286 981 1334 1016; x_wconf 88' lang='lat' dir='ltr'><strong>ab</strong></span> <span class='ocrx_word' id='word_1_139' title='bbox 1363 995 1441 1018; x_wconf 92' lang='lat' dir='ltr'><strong>uno</strong></span> <span class='ocrx_word' id='word_1_140' title='bbox 1468 983 1635 1032; x_wconf 88' lang='lat' dir='ltr'><strong>ingenio,</strong></span> <span class='ocrx_word' id='word_1_141' title='bbox 1661 983 1766 1033; x_wconf 89' lang='lat' dir='ltr'><strong>quod</strong></span> <span class='ocrx_word' id='word_1_142' title='bbox 1790 982 1960 1030; x_wconf 78' lang='lat' dir='ltr'><strong>suscepti</strong></span> <span class='ocrx_word' id='word_1_143' title='bbox 1983 981 2112 1029; x_wconf 90' lang='lat' dir='ltr'><strong>operis</strong></span> 
     </span>
     <span class='ocr_line' id='line_1_16' title="bbox 196 1037 2111 1094; baseline 0.003 -18"><span class='ocrx_word' id='word_1_144' title='bbox 196 1037 457 1090; x_wconf 84' lang='lat' dir='ltr'><strong>granditatem</strong></span> <span class='ocrx_word' id='word_1_145' title='bbox 483 1038 673 1077; x_wconf 83' lang='lat' dir='ltr'><strong>sustinere</strong></span> <span class='ocrx_word' id='word_1_146' title='bbox 698 1052 776 1076; x_wconf 89' lang='lat' dir='ltr'><strong>non</strong></span> <span class='ocrx_word' id='word_1_147' title='bbox 800 1045 949 1087; x_wconf 86' lang='lat' dir='ltr'><strong>posset,</strong></span> <span class='ocrx_word' id='word_1_148' title='bbox 976 1038 1044 1074; x_wconf 87' lang='lat' dir='ltr'><strong>sed</strong></span> <span class='ocrx_word' id='word_1_149' title='bbox 1072 1039 1189 1077; x_wconf 85' lang='lat' dir='ltr'><strong>etiam</strong></span> <span class='ocrx_word' id='word_1_150' title='bbox 1219 1040 1266 1077; x_wconf 90' lang='lat' dir='ltr'><strong>ab</strong></span> <span class='ocrx_word' id='word_1_151' title='bbox 1303 1042 1523 1080; x_wconf 89' lang='lat' dir='ltr'><strong>imitationis</strong></span> <span class='ocrx_word' id='word_1_152' title='bbox 1548 1044 1678 1081; x_wconf 89' lang='lat' dir='ltr'><strong>studio</strong></span> <span class='ocrx_word' id='word_1_153' title='bbox 1705 1043 1874 1094; x_wconf 90' lang='lat' dir='ltr'><strong>quodam</strong></span> <span class='ocrx_word' id='word_1_154' title='bbox 1897 1055 1977 1080; x_wconf 88' lang='lat' dir='ltr'><strong>non</strong></span> <span class='ocrx_word' id='word_1_155' title='bbox 2002 1049 2111 1081; x_wconf 82' lang='lat' dir='ltr'><strong>recto</strong></span> 
     </span>
     <span class='ocr_line' id='line_1_17' title="bbox 199 1099 2110 1154; baseline 0 -17"><span class='ocrx_word' id='word_1_156' title='bbox 199 1108 260 1137; x_wconf 88' lang='lat' dir='ltr'><strong>est</strong></span> <span class='ocrx_word' id='word_1_157' title='bbox 293 1100 533 1137; x_wconf 85' lang='lat' dir='ltr'><strong>deducenda.</strong></span> <span class='ocrx_word' id='word_1_158' title='bbox 592 1101 792 1149; x_wconf 87' lang='lat' dir='ltr'><strong>Siquidem</strong></span> <span class='ocrx_word' id='word_1_159' title='bbox 827 1099 1009 1135; x_wconf 89' lang='lat' dir='ltr'><strong>didactici</strong></span> <span class='ocrx_word' id='word_1_160' title='bbox 1034 1100 1137 1138; x_wconf 89' lang='lat' dir='ltr'><strong>illius</strong></span> <span class='ocrx_word' id='word_1_161' title='bbox 1175 1103 1418 1154; x_wconf 81' lang='lat' dir='ltr'><strong>proximique</strong></span> <span class='ocrx_word' id='word_1_162' title='bbox 1454 1106 1540 1142; x_wconf 84' lang='lat' dir='ltr'><strong>aevi</strong></span> <span class='ocrx_word' id='word_1_163' title='bbox 1573 1107 1714 1153; x_wconf 62' lang='lat' dir='ltr'><strong>poetae</strong></span> <span class='ocrx_word' id='word_1_164' title='bbox 1752 1106 1848 1153; x_wconf 91' lang='lat' dir='ltr'><strong>(non</strong></span> <span class='ocrx_word' id='word_1_165' title='bbox 1881 1104 1930 1140; x_wconf 79' lang='lat' dir='ltr'><strong>de</strong></span> <span class='ocrx_word' id='word_1_166' title='bbox 1966 1102 2110 1140; x_wconf 84' lang='lat' dir='ltr'><strong>Ovidio</strong></span> 
     </span>
     <span class='ocr_line' id='line_1_18' title="bbox 198 1161 2113 1216; baseline 0.001 -17"><span class='ocrx_word' id='word_1_167' title='bbox 198 1173 301 1199; x_wconf 87' lang='lat' dir='ltr'><strong>nunc</strong></span> <span class='ocrx_word' id='word_1_168' title='bbox 330 1162 485 1211; x_wconf 89' lang='lat' dir='ltr'><strong>loquor,</strong></span> <span class='ocrx_word' id='word_1_169' title='bbox 511 1172 585 1198; x_wconf 89' lang='lat' dir='ltr'><strong>nec</strong></span> <span class='ocrx_word' id='word_1_170' title='bbox 613 1161 662 1198; x_wconf 90' lang='lat' dir='ltr'><strong>de</strong></span> <span class='ocrx_word' id='word_1_171' title='bbox 689 1161 924 1210; x_wconf 85' lang='lat' dir='ltr'><strong>Columella)</strong></span> <span class='ocrx_word' id='word_1_172' title='bbox 950 1174 1027 1198; x_wconf 90' lang='lat' dir='ltr'><strong>non</strong></span> <span class='ocrx_word' id='word_1_173' title='bbox 1054 1163 1261 1214; x_wconf 84' lang='lat' dir='ltr'><strong>Virgilium</strong></span> <span class='ocrx_word' id='word_1_174' title='bbox 1288 1177 1404 1216; x_wconf 89' lang='lat' dir='ltr'><strong>quem</strong></span> <span class='ocrx_word' id='word_1_175' title='bbox 1431 1174 1687 1216; x_wconf 85' lang='lat' dir='ltr'><strong>sequerentur</strong></span> <span class='ocrx_word' id='word_1_176' title='bbox 1713 1166 1786 1203; x_wconf 91' lang='lat' dir='ltr'><strong>sibi</strong></span> <span class='ocrx_word' id='word_1_177' title='bbox 1812 1170 2113 1216; x_wconf 85' lang='lat' dir='ltr'><strong>proposuerunt,</strong></span> 
     </span>
     <span class='ocr_line' id='line_1_19' title="bbox 195 1224 2111 1280; baseline 0.001 -19"><span class='ocrx_word' id='word_1_178' title='bbox 195 1224 266 1263; x_wconf 89' lang='lat' dir='ltr'><strong>sed</strong></span> <span class='ocrx_word' id='word_1_179' title='bbox 290 1224 536 1272; x_wconf 82' lang='lat' dir='ltr'><strong>Lucretium,</strong></span> <span class='ocrx_word' id='word_1_180' title='bbox 564 1225 631 1275; x_wconf 91' lang='lat' dir='ltr'><strong>qui</strong></span> <span class='ocrx_word' id='word_1_181' title='bbox 656 1224 721 1263; x_wconf 80' lang='lat' dir='ltr'><strong>vel</strong></span> <span class='ocrx_word' id='word_1_182' title='bbox 747 1231 911 1274; x_wconf 86' lang='lat' dir='ltr'><strong>propter</strong></span> <span class='ocrx_word' id='word_1_183' title='bbox 936 1239 1051 1262; x_wconf 92' lang='lat' dir='ltr'><strong>unam</strong></span> <span class='ocrx_word' id='word_1_184' title='bbox 1079 1228 1343 1278; x_wconf 87' lang='lat' dir='ltr'><strong>antiquitatem</strong></span> <span class='ocrx_word' id='word_1_185' title='bbox 1370 1229 1472 1265; x_wconf 90' lang='lat' dir='ltr'><strong>inter</strong></span> <span class='ocrx_word' id='word_1_186' title='bbox 1498 1229 1652 1280; x_wconf 85' lang='lat' dir='ltr'><strong>Virgilii</strong></span> <span class='ocrx_word' id='word_1_187' title='bbox 1679 1229 1858 1280; x_wconf 85' lang='lat' dir='ltr'><strong>aequales</strong></span> <span class='ocrx_word' id='word_1_188' title='bbox 1886 1226 2111 1265; x_wconf 88' lang='lat' dir='ltr'><strong>auctoritate</strong></span> 
     </span>
     <span class='ocr_line' id='line_1_20' title="bbox 195 1287 2111 1342; baseline 0.001 -19"><span class='ocrx_word' id='word_1_189' title='bbox 195 1287 429 1337; x_wconf 82' lang='lat' dir='ltr'><strong>praestabat.</strong></span> <span class='ocrx_word' id='word_1_190' title='bbox 481 1288 516 1323; x_wconf 89' lang='lat' dir='ltr'><strong>Is</strong></span> <span class='ocrx_word' id='word_1_191' title='bbox 542 1299 651 1334; x_wconf 82' lang='lat' dir='ltr'><strong>vero,</strong></span> <span class='ocrx_word' id='word_1_192' title='bbox 676 1295 808 1336; x_wconf 86' lang='lat' dir='ltr'><strong>utpote</strong></span> <span class='ocrx_word' id='word_1_193' title='bbox 834 1288 925 1324; x_wconf 86' lang='lat' dir='ltr'><strong>artis</strong></span> <span class='ocrx_word' id='word_1_194' title='bbox 950 1288 1131 1337; x_wconf 63' lang='lat' dir='ltr'><strong>poeticae</strong></span> <span class='ocrx_word' id='word_1_195' title='bbox 1157 1290 1305 1337; x_wconf 88' lang='lat' dir='ltr'><strong>rudior,</strong></span> <span class='ocrx_word' id='word_1_196' title='bbox 1333 1291 1528 1341; x_wconf 88' lang='lat' dir='ltr'><strong>duplicem</strong></span> <span class='ocrx_word' id='word_1_197' title='bbox 1554 1291 1592 1328; x_wconf 90' lang='lat' dir='ltr'><strong>in</strong></span> <span class='ocrx_word' id='word_1_198' title='bbox 1618 1294 1798 1342; x_wconf 60' lang='lat' dir='ltr'><strong>poemate</strong></span> <span class='ocrx_word' id='word_1_199' title='bbox 1821 1303 1891 1328; x_wconf 89' lang='lat' dir='ltr'><strong>suo</strong></span> <span class='ocrx_word' id='word_1_200' title='bbox 1920 1289 1999 1339; x_wconf 86' lang='lat' dir='ltr'><strong>agit</strong></span> <span class='ocrx_word' id='word_1_201' title='bbox 2022 1299 2111 1336; x_wconf 87' lang='lat' dir='ltr'><strong>per-</strong></span> 
     </span>
     <span class='ocr_line' id='line_1_21' title="bbox 198 1349 2111 1406; baseline -0.001 -21"><span class='ocrx_word' id='word_1_202' title='bbox 198 1361 357 1397; x_wconf 67' lang='lat' dir='ltr'><strong>sonam3⁴</strong></span> <span class='ocrx_word' id='word_1_203' title='bbox 389 1349 610 1400; x_wconf 83' lang='lat' dir='ltr'><strong>philosophi</strong></span> <span class='ocrx_word' id='word_1_204' title='bbox 636 1351 808 1398; x_wconf 84' lang='lat' dir='ltr'><strong>alteram,</strong></span> <span class='ocrx_word' id='word_1_205' title='bbox 836 1351 997 1390; x_wconf 85' lang='lat' dir='ltr'><strong>altera-m</strong></span> <span class='ocrx_word' id='word_1_206' title='bbox 1022 1354 1174 1401; x_wconf 72' lang='lat' dir='ltr'><strong>poe&#39;tae.</strong></span> <span class='ocrx_word' id='word_1_207' title='bbox 1226 1354 1357 1403; x_wconf 84' lang='lat' dir='ltr'><strong>Atque</strong></span> <span class='ocrx_word' id='word_1_208' title='bbox 1383 1355 1450 1392; x_wconf 91' lang='lat' dir='ltr'><strong>illa</strong></span> <span class='ocrx_word' id='word_1_209' title='bbox 1475 1354 1630 1406; x_wconf 89' lang='lat' dir='ltr'><strong>quidem</strong></span> <span class='ocrx_word' id='word_1_210' title='bbox 1656 1368 1793 1392; x_wconf 90' lang='lat' dir='ltr'><strong>munus</strong></span> <span class='ocrx_word' id='word_1_211' title='bbox 1821 1351 1999 1395; x_wconf 82' lang='lat' dir='ltr'><strong>docendi,</strong></span> <span class='ocrx_word' id='word_1_212' title='bbox 2024 1359 2111 1387; x_wconf 81' lang='lat' dir='ltr'><strong>ver-</strong></span> 
     </span>
     <span class='ocr_line' id='line_1_22' title="bbox 198 1410 2111 1464; baseline -0.002 -14"><span class='ocrx_word' id='word_1_213' title='bbox 198 1424 311 1450; x_wconf 84' lang='lat' dir='ltr'><strong>suum</strong></span> <span class='ocrx_word' id='word_1_214' title='bbox 336 1421 500 1451; x_wconf 86' lang='lat' dir='ltr'><strong>assumta</strong></span> <span class='ocrx_word' id='word_1_215' title='bbox 524 1413 742 1460; x_wconf 81' lang='lat' dir='ltr'><strong>dulcedine,</strong></span> <span class='ocrx_word' id='word_1_216' title='bbox 767 1413 853 1450; x_wconf 88' lang='lat' dir='ltr'><strong>fere</strong></span> <span class='ocrx_word' id='word_1_217' title='bbox 879 1414 994 1451; x_wconf 90' lang='lat' dir='ltr'><strong>unice</strong></span> <span class='ocrx_word' id='word_1_218' title='bbox 1020 1413 1246 1464; x_wconf 78' lang='lat' dir='ltr'><strong>profitetur3</strong></span> <span class='ocrx_word' id='word_1_219' title='bbox 1282 1415 1355 1451; x_wconf 89' lang='lat' dir='ltr'><strong>hac</strong></span> <span class='ocrx_word' id='word_1_220' title='bbox 1381 1415 1727 1464; x_wconf 86' lang='lat' dir='ltr'><strong>praestantissimos</strong></span> <span class='ocrx_word' id='word_1_221' title='bbox 1742 1413 1940 1464; x_wconf 82' lang='lat' dir='ltr'><strong>prologos,</strong></span> <span class='ocrx_word' id='word_1_222' title='bbox 1966 1410 2111 1461; x_wconf 87' lang='lat' dir='ltr'><strong>digres-</strong></span> 
     </span>
     <span class='ocr_line' id='line_1_23' title="bbox 199 1472 2111 1524; baseline -0.002 -14"><span class='ocrx_word' id='word_1_223' title='bbox 199 1474 406 1523; x_wconf 81' lang='lat' dir='ltr'><strong>sionesque</strong></span> <span class='ocrx_word' id='word_1_224' title='bbox 433 1482 474 1510; x_wconf 89' lang='lat' dir='ltr'><strong>et</strong></span> <span class='ocrx_word' id='word_1_225' title='bbox 499 1476 674 1524; x_wconf 86' lang='lat' dir='ltr'><strong>epilogos</strong></span> <span class='ocrx_word' id='word_1_226' title='bbox 702 1476 860 1524; x_wconf 82' lang='lat' dir='ltr'><strong>egregia</strong></span> <span class='ocrx_word' id='word_1_227' title='bbox 884 1484 967 1512; x_wconf 86' lang='lat' dir='ltr'><strong>arte</strong></span> <span class='ocrx_word' id='word_1_228' title='bbox 993 1476 1160 1520; x_wconf 89' lang='lat' dir='ltr'><strong>inducit,</strong></span> <span class='ocrx_word' id='word_1_229' title='bbox 1193 1477 1374 1523; x_wconf 89' lang='lat' dir='ltr'><strong>omnique</strong></span> <span class='ocrx_word' id='word_1_230' title='bbox 1402 1476 1589 1510; x_wconf 88' lang='lat' dir='ltr'><strong>luminum</strong></span> <span class='ocrx_word' id='word_1_231' title='bbox 1612 1486 1776 1523; x_wconf 86' lang='lat' dir='ltr'><strong>genere,</strong></span> <span class='ocrx_word' id='word_1_232' title='bbox 1815 1473 1953 1521; x_wconf 86' lang='lat' dir='ltr'><strong>quibus</strong></span> <span class='ocrx_word' id='word_1_233' title='bbox 1980 1472 2111 1508; x_wconf 85' lang='lat' dir='ltr'><strong>stricta</strong></span> 
     </span>
     <span class='ocr_line' id='line_1_24' title="bbox 197 1532 2111 1590; baseline -0.002 -16"><span class='ocrx_word' id='word_1_234' title='bbox 197 1544 374 1574; x_wconf 84' lang='lat' dir='ltr'><strong>austerae</strong></span> <span class='ocrx_word' id='word_1_235' title='bbox 398 1535 668 1587; x_wconf 87' lang='lat' dir='ltr'><strong>philosophiae</strong></span> <span class='ocrx_word' id='word_1_236' title='bbox 695 1535 802 1574; x_wconf 89' lang='lat' dir='ltr'><strong>frons</strong></span> <span class='ocrx_word' id='word_1_237' title='bbox 830 1536 960 1573; x_wconf 91' lang='lat' dir='ltr'><strong>diduci</strong></span> <span class='ocrx_word' id='word_1_238' title='bbox 984 1536 1125 1587; x_wconf 89' lang='lat' dir='ltr'><strong>possit,</strong></span> <span class='ocrx_word' id='word_1_239' title='bbox 1164 1536 1403 1586; x_wconf 80' lang='lat' dir='ltr'><strong>distinguere</strong></span> <span class='ocrx_word' id='word_1_240' title='bbox 1431 1535 1646 1573; x_wconf 85' lang='lat' dir='ltr'><strong>orationem</strong></span> <span class='ocrx_word' id='word_1_241' title='bbox 1670 1534 1891 1572; x_wconf 81' lang='lat' dir='ltr'><strong>connititur.</strong></span> <span class='ocrx_word' id='word_1_242' title='bbox 1943 1533 2032 1590; x_wconf 82' lang='lat' dir='ltr'><strong>Quo</strong></span> <span class='ocrx_word' id='word_1_243' title='bbox 2057 1532 2111 1581; x_wconf 89' lang='lat' dir='ltr'><strong>fit,</strong></span> 
     </span>
     <span class='ocr_line' id='line_1_25' title="bbox 198 1595 2110 1648; baseline -0.002 -13"><span class='ocrx_word' id='word_1_244' title='bbox 198 1607 241 1635; x_wconf 87' lang='lat' dir='ltr'><strong>ut</strong></span> <span class='ocrx_word' id='word_1_245' title='bbox 261 1611 381 1648; x_wconf 86' lang='lat' dir='ltr'><strong>quum</strong></span> <span class='ocrx_word' id='word_1_246' title='bbox 407 1612 428 1634; x_wconf 89' lang='lat' dir='ltr'><strong>a</strong></span> <span class='ocrx_word' id='word_1_247' title='bbox 454 1599 679 1636; x_wconf 82' lang='lat' dir='ltr'><strong>suavissima</strong></span> <span class='ocrx_word' id='word_1_248' title='bbox 705 1599 832 1648; x_wconf 86' lang='lat' dir='ltr'><strong>aliqua</strong></span> <span class='ocrx_word' id='word_1_249' title='bbox 859 1599 1099 1648; x_wconf 82' lang='lat' dir='ltr'><strong>digressione</strong></span> <span class='ocrx_word' id='word_1_250' title='bbox 1126 1599 1175 1635; x_wconf 85' lang='lat' dir='ltr'><strong>ad</strong></span> <span class='ocrx_word' id='word_1_251' title='bbox 1199 1599 1401 1635; x_wconf 86' lang='lat' dir='ltr'><strong>doctrinae</strong></span> <span class='ocrx_word' id='word_1_252' title='bbox 1426 1599 1651 1635; x_wconf 83' lang='lat' dir='ltr'><strong>tenuitatem</strong></span> <span class='ocrx_word' id='word_1_253' title='bbox 1671 1597 1896 1642; x_wconf 85' lang='lat' dir='ltr'><strong>revertitur,</strong></span> <span class='ocrx_word' id='word_1_254' title='bbox 1917 1595 2110 1632; x_wconf 89' lang='lat' dir='ltr'><strong>interdum</strong></span> 
     </span>
     <span class='ocr_line' id='line_1_26' title="bbox 199 1657 2110 1711; baseline -0.002 -14"><span class='ocrx_word' id='word_1_255' title='bbox 199 1660 404 1698; x_wconf 88' lang='lat' dir='ltr'><strong>demissius</strong></span> <span class='ocrx_word' id='word_1_256' title='bbox 430 1662 609 1699; x_wconf 85' lang='lat' dir='ltr'><strong>videatur</strong></span> <span class='ocrx_word' id='word_1_257' title='bbox 634 1660 819 1697; x_wconf 85' lang='lat' dir='ltr'><strong>incedere</strong></span> <span class='ocrx_word' id='word_1_258' title='bbox 835 1662 882 1707; x_wconf 76' lang='lat'><strong>¹³).</strong></span> <span class='ocrx_word' id='word_1_259' title='bbox 932 1662 976 1696; x_wconf 91' lang='lat' dir='ltr'><strong>In</strong></span> <span class='ocrx_word' id='word_1_260' title='bbox 1001 1673 1049 1698; x_wconf 92' lang='lat' dir='ltr'><strong>eo</strong></span> <span class='ocrx_word' id='word_1_261' title='bbox 1077 1670 1204 1698; x_wconf 89' lang='lat' dir='ltr'><strong>autem</strong></span> <span class='ocrx_word' id='word_1_262' title='bbox 1233 1662 1325 1698; x_wconf 88' lang='lat' dir='ltr'><strong>artis</strong></span> <span class='ocrx_word' id='word_1_263' title='bbox 1349 1660 1490 1710; x_wconf 82' lang='lat' dir='ltr'><strong>gradu,</strong></span> <span class='ocrx_word' id='word_1_264' title='bbox 1517 1660 1585 1711; x_wconf 89' lang='lat' dir='ltr'><strong>qui</strong></span> <span class='ocrx_word' id='word_1_265' title='bbox 1608 1658 1782 1696; x_wconf 89' lang='lat' dir='ltr'><strong>Lucretii</strong></span> <span class='ocrx_word' id='word_1_266' title='bbox 1808 1657 2007 1706; x_wconf 85' lang='lat' dir='ltr'><strong>exemplar</strong></span> <span class='ocrx_word' id='word_1_267' title='bbox 2029 1657 2110 1694; x_wconf 85' lang='lat' dir='ltr'><strong>imi-</strong></span> 
     </span>
    </p>
   </div>
   <div class='ocr_carea' id='block_1_4' title="bbox 197 1808 2110 2178">
    <p class='ocr_par' dir='ltr' id='par_1_4' title="bbox 197 1808 2110 2166">
     <span class='ocr_line' id='line_1_27' title="bbox 337 1808 2110 1852; baseline 0.002 -13"><span class='ocrx_word' id='word_1_268' title='bbox 337 1811 368 1848; x_wconf 71' lang='lat' dir='ltr'><strong>n)</strong></span> <span class='ocrx_word' id='word_1_269' title='bbox 410 1809 527 1840; x_wconf 87' lang='lat' dir='ltr'><strong>Pauca</strong></span> <span class='ocrx_word' id='word_1_270' title='bbox 551 1810 709 1852; x_wconf 83' lang='lat' dir='ltr'><strong>exempla</strong></span> <span class='ocrx_word' id='word_1_271' title='bbox 730 1810 852 1842; x_wconf 85' lang='lat' dir='ltr'><strong>licebit</strong></span> <span class='ocrx_word' id='word_1_272' title='bbox 872 1809 1071 1841; x_wconf 82' lang='lat' dir='ltr'><strong>adscribere</strong></span> <span class='ocrx_word' id='word_1_273' title='bbox 1079 1820 1090 1849; x_wconf 88' lang='lat'>;</span> <span class='ocrx_word' id='word_1_274' title='bbox 1115 1810 1158 1849; x_wconf 90' lang='lat' dir='ltr'><strong>V,</strong></span> <span class='ocrx_word' id='word_1_275' title='bbox 1175 1809 1230 1843; x_wconf 79' lang='lat'><strong>41:</strong></span> <span class='ocrx_word' id='word_1_276' title='bbox 1254 1811 1377 1841; x_wconf 81' lang='lat' dir='ltr'><strong>Rector</strong></span> <span class='ocrx_word' id='word_1_277' title='bbox 1392 1810 1454 1841; x_wconf 80' lang='lat' dir='ltr'><strong>erit</strong></span> <span class='ocrx_word' id='word_1_278' title='bbox 1468 1810 1600 1851; x_wconf 82' lang='lat' dir='ltr'><strong>puppis,</strong></span> <span class='ocrx_word' id='word_1_279' title='bbox 1621 1809 1774 1849; x_wconf 82' lang='lat' dir='ltr'><strong>clavoque</strong></span> <span class='ocrx_word' id='word_1_280' title='bbox 1792 1808 1955 1839; x_wconf 74' lang='lat' dir='ltr'><strong>immobilis</strong></span> <span class='ocrx_word' id='word_1_281' title='bbox 1976 1809 2110 1842; x_wconf 68' lang='lat' dir='ltr'><strong>haerens</strong></span> 
     </span>
     <span class='ocr_line' id='line_1_28' title="bbox 198 1849 2106 1892; baseline 0 -10"><span class='ocrx_word' id='word_1_282' title='bbox 198 1850 342 1882; x_wconf 73' lang='lat' dir='ltr'><strong>Mutabit</strong></span> <span class='ocrx_word' id='word_1_283' title='bbox 359 1851 482 1892; x_wconf 79' lang='lat' dir='ltr'><strong>pelago</strong></span> <span class='ocrx_word' id='word_1_284' title='bbox 495 1855 612 1890; x_wconf 75' lang='lat' dir='ltr'><strong>terrae,</strong></span> <span class='ocrx_word' id='word_1_285' title='bbox 633 1853 798 1892; x_wconf 73' lang='lat' dir='ltr'><strong>ventisque</strong></span> <span class='ocrx_word' id='word_1_286' title='bbox 818 1857 969 1892; x_wconf 76' lang='lat' dir='ltr'><strong>sequetur</strong></span> <span class='ocrx_word' id='word_1_287' title='bbox 981 1852 1172 1888; x_wconf 80' lang='lat' dir='ltr'><strong>Fortunam,</strong></span> <span class='ocrx_word' id='word_1_288' title='bbox 1197 1855 1362 1891; x_wconf 77' lang='lat' dir='ltr'><strong>totumque</strong></span> <span class='ocrx_word' id='word_1_289' title='bbox 1381 1851 1466 1882; x_wconf 80' lang='lat' dir='ltr'><strong>volet</strong></span> <span class='ocrx_word' id='word_1_290' title='bbox 1486 1855 1622 1882; x_wconf 72' lang='lat' dir='ltr'><strong>tranare</strong></span> <span class='ocrx_word' id='word_1_291' title='bbox 1637 1849 1839 1891; x_wconf 80' lang='lat' dir='ltr'><strong>profundum</strong></span> <span class='ocrx_word' id='word_1_292' title='bbox 1854 1849 2030 1888; x_wconf 67' lang='lat' dir='ltr'><strong>elassibus,</strong></span> <span class='ocrx_word' id='word_1_293' title='bbox 2056 1855 2106 1882; x_wconf 80' lang='lat' dir='ltr'><strong>at-</strong></span> 
     </span>
     <span class='ocr_line' id='line_1_29' title="bbox 201 1888 2107 1933; baseline 0.001 -12"><span class='ocrx_word' id='word_1_294' title='bbox 201 1900 262 1931; x_wconf 76' lang='lat' dir='ltr'><strong>que</strong></span> <span class='ocrx_word' id='word_1_295' title='bbox 283 1892 363 1922; x_wconf 76' lang='lat' dir='ltr'><strong>alios</strong></span> <span class='ocrx_word' id='word_1_296' title='bbox 385 1892 525 1932; x_wconf 77' lang='lat' dir='ltr'><strong>Minyas,</strong></span> <span class='ocrx_word' id='word_1_297' title='bbox 547 1893 707 1933; x_wconf 83' lang='lat' dir='ltr'><strong>aliumque</strong></span> <span class='ocrx_word' id='word_1_298' title='bbox 728 1894 835 1923; x_wconf 82' lang='lat' dir='ltr'><strong>videre</strong></span> <span class='ocrx_word' id='word_1_299' title='bbox 858 1893 981 1922; x_wconf 81' lang='lat' dir='ltr'><strong>Phasin</strong></span> <span class='ocrx_word' id='word_1_300' title='bbox 999 1896 1031 1922; x_wconf 83' lang='lat' dir='ltr'><strong>et</strong></span> <span class='ocrx_word' id='word_1_301' title='bbox 1051 1892 1085 1922; x_wconf 83' lang='lat' dir='ltr'><strong>in</strong></span> <span class='ocrx_word' id='word_1_302' title='bbox 1107 1896 1217 1922; x_wconf 77' lang='lat' dir='ltr'><strong>cautes</strong></span> <span class='ocrx_word' id='word_1_303' title='bbox 1238 1891 1364 1933; x_wconf 80' lang='lat' dir='ltr'><strong>Tiphyn</strong></span> <span class='ocrx_word' id='word_1_304' title='bbox 1385 1902 1541 1932; x_wconf 82' lang='lat' dir='ltr'><strong>superare</strong></span> <span class='ocrx_word' id='word_1_305' title='bbox 1562 1895 1758 1922; x_wconf 79' lang='lat' dir='ltr'><strong>trementem.</strong></span> <span class='ocrx_word' id='word_1_306' title='bbox 1782 1890 1859 1923; x_wconf 88' lang='lat'>160:</span> <span class='ocrx_word' id='word_1_307' title='bbox 1886 1888 1960 1921; x_wconf 90' lang='lat' dir='ltr'><strong>Sub</strong></span> <span class='ocrx_word' id='word_1_308' title='bbox 1982 1891 2107 1932; x_wconf 77' lang='lat' dir='ltr'><strong>lepore</strong></span> 
     </span>
     <span class='ocr_line' id='line_1_30' title="bbox 202 1930 2104 1973; baseline 0.002 -13"><span class='ocrx_word' id='word_1_309' title='bbox 202 1931 292 1963; x_wconf 78' lang='lat' dir='ltr'><strong>natis</strong></span> <span class='ocrx_word' id='word_1_310' title='bbox 311 1932 372 1962; x_wconf 74' lang='lat' dir='ltr'><strong>Vix</strong></span> <span class='ocrx_word' id='word_1_311' title='bbox 392 1932 462 1962; x_wconf 79' lang='lat' dir='ltr'><strong>alas</strong></span> <span class='ocrx_word' id='word_1_312' title='bbox 489 1936 613 1963; x_wconf 82' lang='lat' dir='ltr'><strong>natura</strong></span> <span class='ocrx_word' id='word_1_313' title='bbox 637 1936 742 1973; x_wconf 80' lang='lat' dir='ltr'><strong>negat</strong></span> <span class='ocrx_word' id='word_1_314' title='bbox 767 1933 967 1971; x_wconf 84' lang='lat' dir='ltr'><strong>volucrisque</strong></span> <span class='ocrx_word' id='word_1_315' title='bbox 999 1936 1143 1969; x_wconf 75' lang='lat' dir='ltr'><strong>matus,-</strong></span> <span class='ocrx_word' id='word_1_316' title='bbox 1185 1932 1311 1963; x_wconf 72' lang='lat' dir='ltr'><strong>Tantus</strong></span> <span class='ocrx_word' id='word_1_317' title='bbox 1338 1933 1399 1963; x_wconf 84' lang='lat' dir='ltr'><strong>erit</strong></span> <span class='ocrx_word' id='word_1_318' title='bbox 1422 1943 1484 1973; x_wconf 83' lang='lat' dir='ltr'><strong>per</strong></span> <span class='ocrx_word' id='word_1_319' title='bbox 1512 1932 1653 1962; x_wconf 77' lang='lat' dir='ltr'><strong>membra</strong></span> <span class='ocrx_word' id='word_1_320' title='bbox 1671 1930 1768 1970; x_wconf 77' lang='lat' dir='ltr'><strong>vigor</strong></span> <span class='ocrx_word' id='word_1_321' title='bbox 1787 1932 1962 1968; x_wconf 79' lang='lat' dir='ltr'><strong>referentia</strong></span> <span class='ocrx_word' id='word_1_322' title='bbox 1982 1936 2104 1963; x_wconf 78' lang='lat' dir='ltr'><strong>ventos.</strong></span> 
     </span>
     <span class='ocr_line' id='line_1_31' title="bbox 203 1970 2108 2018; baseline 0.001 -16"><span class='ocrx_word' id='word_1_323' title='bbox 203 1971 263 2002; x_wconf 78' lang='lat' dir='ltr'><strong>Ille</strong></span> <span class='ocrx_word' id='word_1_324' title='bbox 273 1972 367 2012; x_wconf 76' lang='lat' dir='ltr'><strong>prius</strong></span> <span class='ocrx_word' id='word_1_325' title='bbox 386 1973 489 2003; x_wconf 78' lang='lat' dir='ltr'><strong>victor</strong></span> <span class='ocrx_word' id='word_1_326' title='bbox 511 1974 635 2013; x_wconf 77' lang='lat' dir='ltr'><strong>stadio,</strong></span> <span class='ocrx_word' id='word_1_327' title='bbox 656 1984 754 2014; x_wconf 84' lang='lat' dir='ltr'><strong>quam</strong></span> <span class='ocrx_word' id='word_1_328' title='bbox 776 1974 902 2010; x_wconf 75' lang='lat' dir='ltr'><strong>missus,</strong></span> <span class='ocrx_word' id='word_1_329' title='bbox 924 1972 1040 2009; x_wconf 78' lang='lat' dir='ltr'><strong>abibit‚·</strong></span> <span class='ocrx_word' id='word_1_330' title='bbox 1062 1972 1121 2003; x_wconf 83' lang='lat' dir='ltr'><strong>Ille</strong></span> <span class='ocrx_word' id='word_1_331' title='bbox 1138 1973 1200 2003; x_wconf 77' lang='lat' dir='ltr'><strong>cito</strong></span> <span class='ocrx_word' id='word_1_332' title='bbox 1226 1977 1316 2004; x_wconf 78' lang='lat' dir='ltr'><strong>motu</strong></span> <span class='ocrx_word' id='word_1_333' title='bbox 1338 1974 1463 2013; x_wconf 63' lang='lat' dir='ltr'><strong>vig-idos</strong></span> <span class='ocrx_word' id='word_1_334' title='bbox 1487 1972 1614 2005; x_wconf 82' lang='lat' dir='ltr'><strong>eludere</strong></span> <span class='ocrx_word' id='word_1_335' title='bbox 1641 1973 1786 2018; x_wconf 47' lang='lat' dir='ltr'><strong>caestu&amp;</strong></span> <span class='ocrx_word' id='word_1_336' title='bbox 1807 1970 1902 2002; x_wconf 80' lang='lat' dir='ltr'><strong>Nunc</strong></span> <span class='ocrx_word' id='word_1_337' title='bbox 1925 1972 2010 2003; x_wconf 79' lang='lat' dir='ltr'><strong>exire</strong></span> <span class='ocrx_word' id='word_1_338' title='bbox 2031 1973 2108 2004; x_wconf 71' lang='lat' dir='ltr'><strong>levis</strong></span> 
     </span>
     <span class='ocr_line' id='line_1_32' title="bbox 201 2011 2107 2092; baseline 0.001 -10"><span class='ocrx_word' id='word_1_339' title='bbox 201 2012 748 2092; x_wconf 46' lang='lat' dir='ltr'><strong>2¹².“5,552.2“}&#39;5112”“5351‚&amp;353⁰ss</strong></span> <span class='ocrx_word' id='word_1_340' title='bbox 774 2014 962 2085; x_wconf 51' lang='lat' dir='ltr'><strong>{32¹²}ssssss</strong></span> <span class='ocrx_word' id='word_1_341' title='bbox 977 2011 1948 2090; x_wconf 49' lang='lat' dir='ltr'><strong>⁶⁶22&#39;25252⁶”1‘50”2.13⁶¹f¹25515‘maffiawfss‘ssssfiztgff</strong></span> <span class='ocrx_word' id='word_1_342' title='bbox 1967 2023 2107 2083; x_wconf 58' lang='lat'><strong>3335}</strong></span> 
     </span>
     <span class='ocr_line' id='line_1_33' title="bbox 197 2064 2105 2166; baseline 0.002 -43"><span class='ocrx_word' id='word_1_343' title='bbox 197 2092 360 2166; x_wconf 49' lang='lat' dir='ltr'><strong>{gar-um,</strong></span> <span class='ocrx_word' id='word_1_344' title='bbox 388 2093 455 2123; x_wconf 83' lang='lat' dir='ltr'><strong>Per</strong></span> <span class='ocrx_word' id='word_1_345' title='bbox 475 2076 639 2135; x_wconf 66' lang='lat' dir='ltr'><strong>intumque</strong></span> <span class='ocrx_word' id='word_1_346' title='bbox 658 2066 765 2136; x_wconf 57' lang='lat' dir='ltr'><strong>vaqgas</strong></span> <span class='ocrx_word' id='word_1_347' title='bbox 783 2105 900 2136; x_wconf 77' lang='lat' dir='ltr'><strong>corpus</strong></span> <span class='ocrx_word' id='word_1_348' title='bbox 921 2064 1089 2135; x_wconf 47' lang='lat' dir='ltr'><strong>dispffnere</strong></span> <span class='ocrx_word' id='word_1_349' title='bbox 1106 2095 1254 2136; x_wconf 80' lang='lat' dir='ltr'><strong>palmas3</strong></span> <span class='ocrx_word' id='word_1_350' title='bbox 1278 2095 1321 2126; x_wconf 87' lang='lat' dir='ltr'><strong>Ut</strong></span> <span class='ocrx_word' id='word_1_351' title='bbox 1338 2076 1454 2126; x_wconf 78' lang='lat' dir='ltr'><strong>’teneat</strong></span> <span class='ocrx_word' id='word_1_352' title='bbox 1472 2064 1589 2126; x_wconf 43' lang='lat' dir='ltr'><strong>qantos</strong></span> <span class='ocrx_word' id='word_1_353' title='bbox 1606 2092 1714 2129; x_wconf 65' lang='lat' dir='ltr'><strong>orbe-⁹,</strong></span> <span class='ocrx_word' id='word_1_354' title='bbox 1740 2091 1858 2132; x_wconf 78' lang='lat' dir='ltr'><strong>sibique</strong></span> <span class='ocrx_word' id='word_1_355' title='bbox 1877 2088 2105 2133; x_wconf 73' lang='lat' dir='ltr'><strong>ipse&#39;&#39;reludat,</strong></span> 
     </span>
    </p>

    <p class='ocr_par' dir='ltr' id='par_1_5' title="bbox 268 2133 1742 2178">
     <span class='ocr_line' id='line_1_34' title="bbox 268 2133 1742 2178; baseline 0.003 -13"><span class='ocrx_word' id='word_1_356' title='bbox 268 2135 358 2166; x_wconf 85' lang='lat' dir='ltr'><strong>velut</strong></span> <span class='ocrx_word' id='word_1_357' title='bbox 379 2135 510 2166; x_wconf 80' lang='lat' dir='ltr'><strong>edoctos</strong></span> <span class='ocrx_word' id='word_1_358' title='bbox 532 2135 640 2167; x_wconf 81' lang='lat' dir='ltr'><strong>iubeat</strong></span> <span class='ocrx_word' id='word_1_359' title='bbox 659 2137 794 2168; x_wconf 83' lang='lat' dir='ltr'><strong>volitare</strong></span> <span class='ocrx_word' id='word_1_360' title='bbox 802 2147 865 2177; x_wconf 81' lang='lat' dir='ltr'><strong>per</strong></span> <span class='ocrx_word' id='word_1_361' title='bbox 884 2136 1000 2177; x_wconf 76' lang='lat' dir='ltr'><strong>ipsum.</strong></span> <span class='ocrx_word' id='word_1_362' title='bbox 1050 2135 1223 2178; x_wconf 82' lang='lat' dir='ltr'><strong>Compara</strong></span> <span class='ocrx_word' id='word_1_363' title='bbox 1245 2147 1293 2168; x_wconf 75' lang='lat' dir='ltr'><strong>vs,</strong></span> <span class='ocrx_word' id='word_1_364' title='bbox 1317 2135 1391 2176; x_wconf 83' lang='lat'><strong>416,</strong></span> <span class='ocrx_word' id='word_1_365' title='bbox 1413 2146 1490 2178; x_wconf 86' lang='lat' dir='ltr'><strong>sqq.</strong></span> <span class='ocrx_word' id='word_1_366' title='bbox 1516 2141 1549 2167; x_wconf 86' lang='lat' dir='ltr'><strong>et</strong></span> <span class='ocrx_word' id='word_1_367' title='bbox 1568 2133 1642 2174; x_wconf 85' lang='lat'><strong>658,</strong></span> <span class='ocrx_word' id='word_1_368' title='bbox 1663 2142 1742 2175; x_wconf 72' lang='lat' dir='ltr'><strong>sqq·</strong></span> 
     </span>
    </p>
   </div>
   <div class='ocr_carea' id='block_1_5' title="bbox 200 2201 2109 2419">
    <p class='ocr_par' dir='ltr' id='par_1_6' title="bbox 200 2201 2109 2419">
     <span class='ocr_line' id='line_1_35' title="bbox 340 2201 2108 2250; baseline 0.002 -18"><span class='ocrx_word' id='word_1_369' title='bbox 340 2203 372 2241; x_wconf 69' lang='grc' dir='ltr'><strong>ο)</strong></span> <span class='ocrx_word' id='word_1_370' title='bbox 414 2201 540 2243; x_wconf 81' lang='lat' dir='ltr'><strong>Itaque</strong></span> <span class='ocrx_word' id='word_1_371' title='bbox 568 2211 641 2232; x_wconf 88' lang='lat' dir='ltr'><strong>non</strong></span> <span class='ocrx_word' id='word_1_372' title='bbox 667 2212 811 2244; x_wconf 79' lang='lat' dir='ltr'><strong>possum</strong></span> <span class='ocrx_word' id='word_1_373' title='bbox 841 2203 1041 2245; x_wconf 75' lang='lat' dir='ltr'><strong>Bernhardy</strong></span> <span class='ocrx_word' id='word_1_374' title='bbox 1070 2204 1199 2238; x_wconf 74' lang='lat' dir='ltr'><strong>iudicIo</strong></span> <span class='ocrx_word' id='word_1_375' title='bbox 1226 2206 1410 2248; x_wconf 82' lang='lat' dir='ltr'><strong>accedere,</strong></span> <span class='ocrx_word' id='word_1_376' title='bbox 1444 2207 1506 2250; x_wconf 87' lang='lat' dir='ltr'><strong>qui</strong></span> <span class='ocrx_word' id='word_1_377' title='bbox 1533 2205 1700 2249; x_wconf 86' lang='lat' dir='ltr'><strong>Scaligeri</strong></span> <span class='ocrx_word' id='word_1_378' title='bbox 1727 2205 1930 2236; x_wconf 75' lang='lat' dir='ltr'><strong>sententiam</strong></span> <span class='ocrx_word' id='word_1_379' title='bbox 1956 2209 2108 2243; x_wconf 86' lang='lat' dir='ltr'><strong>secutus,</strong></span> 
     </span>
     <span class='ocr_line' id='line_1_36' title="bbox 207 2242 2107 2291; baseline 0.002 -18"><span class='ocrx_word' id='word_1_380' title='bbox 207 2242 413 2290; x_wconf 53' lang='lat' dir='ltr'><strong>(Gmtndriss</strong></span> <span class='ocrx_word' id='word_1_381' title='bbox 433 2253 468 2284; x_wconf 85' lang='lat' dir='ltr'><strong>p.</strong></span> <span class='ocrx_word' id='word_1_382' title='bbox 488 2242 568 2282; x_wconf 81' lang='lat'>224)</span> <span class='ocrx_word' id='word_1_383' title='bbox 591 2242 640 2274; x_wconf 86' lang='lat' dir='ltr'><strong>sic</strong></span> <span class='ocrx_word' id='word_1_384' title='bbox 663 2243 725 2274; x_wconf 72' lang='lat' dir='ltr'><strong>ait:</strong></span> <span class='ocrx_word' id='word_1_385' title='bbox 788 2244 905 2275; x_wconf 78' lang='lat' dir='ltr'><strong>Diesen</strong></span> <span class='ocrx_word' id='word_1_386' title='bbox 925 2247 1154 2288; x_wconf 64' lang='lat' dir='ltr'><strong>ungefzigigen</strong></span> <span class='ocrx_word' id='word_1_387' title='bbox 1177 2248 1268 2290; x_wconf 84' lang='lat' dir='ltr'><strong>Stoff</strong></span> <span class='ocrx_word' id='word_1_388' title='bbox 1286 2249 1419 2288; x_wconf 87' lang='lat' dir='ltr'><strong>(verius</strong></span> <span class='ocrx_word' id='word_1_389' title='bbox 1439 2248 1639 2291; x_wconf 86' lang='lat' dir='ltr'><strong>ingeniosus</strong></span> <span class='ocrx_word' id='word_1_390' title='bbox 1659 2245 1825 2277; x_wconf 76' lang='lat' dir='ltr'><strong>Huetius:</strong></span> <span class='ocrx_word' id='word_1_391' title='bbox 1854 2257 1930 2278; x_wconf 75' lang='lat' dir='ltr'><strong>usus</strong></span> <span class='ocrx_word' id='word_1_392' title='bbox 1956 2251 2003 2278; x_wconf 80' lang='lat' dir='ltr'><strong>est</strong></span> <span class='ocrx_word' id='word_1_393' title='bbox 2020 2246 2107 2284; x_wconf 67' lang='lat' dir='ltr'><strong>sicca</strong></span> 
     </span>
     <span class='ocr_line' id='line_1_37' title="bbox 205 2284 2106 2330; baseline 0.003 -18"><span class='ocrx_word' id='word_1_394' title='bbox 205 2286 240 2313; x_wconf 80' lang='lat' dir='ltr'><strong>et</strong></span> <span class='ocrx_word' id='word_1_395' title='bbox 262 2292 368 2313; x_wconf 65' lang='lat' dir='ltr'><strong>senuna</strong></span> <span class='ocrx_word' id='word_1_396' title='bbox 387 2284 550 2321; x_wconf 82' lang='lat' dir='ltr'><strong>oratione,</strong></span> <span class='ocrx_word' id='word_1_397' title='bbox 576 2294 644 2314; x_wconf 82' lang='lat' dir='ltr'><strong>non</strong></span> <span class='ocrx_word' id='word_1_398' title='bbox 669 2285 783 2321; x_wconf 77' lang='lat' dir='ltr'><strong>ubere,</strong></span> <span class='ocrx_word' id='word_1_399' title='bbox 804 2295 870 2315; x_wconf 79' lang='lat' dir='ltr'><strong>non</strong></span> <span class='ocrx_word' id='word_1_400' title='bbox 890 2285 1062 2326; x_wconf 73' lang='lat' dir='ltr'><strong>locuplete,</strong></span> <span class='ocrx_word' id='word_1_401' title='bbox 1098 2289 1222 2328; x_wconf 85' lang='lat' dir='ltr'><strong>qualem</strong></span> <span class='ocrx_word' id='word_1_402' title='bbox 1248 2290 1425 2330; x_wconf 76' lang='lat' dir='ltr'><strong>amplitudo</strong></span> <span class='ocrx_word' id='word_1_403' title='bbox 1449 2290 1624 2326; x_wconf 77' lang='lat' dir='ltr'><strong>materiae,</strong></span> <span class='ocrx_word' id='word_1_404' title='bbox 1651 2287 1790 2327; x_wconf 63' lang='lat' dir='ltr'><strong>difficilis</strong></span> <span class='ocrx_word' id='word_1_405' title='bbox 1817 2291 1854 2318; x_wconf 83' lang='lat' dir='ltr'><strong>ut</strong></span> <span class='ocrx_word' id='word_1_406' title='bbox 1873 2287 1958 2318; x_wconf 75' lang='lat' dir='ltr'><strong>voles</strong></span> <span class='ocrx_word' id='word_1_407' title='bbox 1979 2291 2012 2318; x_wconf 83' lang='lat' dir='ltr'><strong>et</strong></span> <span class='ocrx_word' id='word_1_408' title='bbox 2028 2295 2106 2325; x_wconf 85' lang='lat' dir='ltr'><strong>per·</strong></span> 
     </span>
     <span class='ocr_line' id='line_1_38' title="bbox 200 2323 2105 2378; baseline 0.001 -24"><span class='ocrx_word' id='word_1_409' title='bbox 200 2323 332 2364; x_wconf 64' lang='lat' dir='ltr'><strong>plexae,</strong></span> <span class='ocrx_word' id='word_1_410' title='bbox 351 2324 408 2354; x_wconf 79' lang='lat' dir='ltr'><strong>sed</strong></span> <span class='ocrx_word' id='word_1_411' title='bbox 427 2325 539 2356; x_wconf 70' lang='lat' dir='ltr'><strong>nobilia</strong></span> <span class='ocrx_word' id='word_1_412' title='bbox 561 2330 647 2358; x_wconf 74' lang='lat' dir='ltr'><strong>certe</strong></span> <span class='ocrx_word' id='word_1_413' title='bbox 671 2329 703 2356; x_wconf 82' lang='lat' dir='ltr'><strong>et</strong></span> <span class='ocrx_word' id='word_1_414' title='bbox 720 2325 787 2356; x_wconf 85' lang='lat' dir='ltr'><strong>late</strong></span> <span class='ocrx_word' id='word_1_415' title='bbox 802 2327 952 2366; x_wconf 69' lang='lat' dir='ltr'><strong>patentis</strong></span> <span class='ocrx_word' id='word_1_416' title='bbox 968 2329 1147 2369; x_wconf 72' lang='lat' dir='ltr'><strong>postulat.)</strong></span> <span class='ocrx_word' id='word_1_417' title='bbox 1170 2348 1212 2354; x_wconf 93' lang='lat'><strong>—</strong></span> <span class='ocrx_word' id='word_1_418' title='bbox 1233 2331 1449 2372; x_wconf 77' lang='lat' dir='ltr'><strong>dnrckdringt</strong></span> <span class='ocrx_word' id='word_1_419' title='bbox 1467 2331 1536 2363; x_wconf 78' lang='lat' dir='ltr'><strong>eine</strong></span> <span class='ocrx_word' id='word_1_420' title='bbox 1557 2329 1907 2378; x_wconf 73' lang='lat' dir='ltr'><strong>bewundmswiirdige</strong></span> <span class='ocrx_word' id='word_1_421' title='bbox 1928 2327 2105 2367; x_wconf 73' lang='lat' dir='ltr'><strong>Lebendig-</strong></span> 
     </span>
     <span class='ocr_line' id='line_1_39' title="bbox 204 2363 2109 2419; baseline 0.002 -25"><span class='ocrx_word' id='word_1_422' title='bbox 204 2364 269 2395; x_wconf 68' lang='lat' dir='ltr'><strong>lecit</strong></span> <span class='ocrx_word' id='word_1_423' title='bbox 288 2364 361 2395; x_wconf 76' lang='lat' dir='ltr'><strong>und</strong></span> <span class='ocrx_word' id='word_1_424' title='bbox 375 2363 521 2395; x_wconf 73' lang='lat' dir='ltr'><strong>Klarheit</strong></span> <span class='ocrx_word' id='word_1_425' title='bbox 541 2367 576 2396; x_wconf 76' lang='lat' dir='ltr'><strong>in</strong></span> <span class='ocrx_word' id='word_1_426' title='bbox 597 2367 655 2397; x_wconf 80' lang='lat' dir='ltr'><strong>der</strong></span> <span class='ocrx_word' id='word_1_427' title='bbox 677 2366 1005 2407; x_wconf 73' lang='lat' dir='ltr'><strong>Einbildungskraft‚</strong></span> <span class='ocrx_word' id='word_1_428' title='bbox 1028 2369 1242 2412; x_wconf 78' lang='lat' dir='ltr'><strong>Darstellung</strong></span> <span class='ocrx_word' id='word_1_429' title='bbox 1267 2372 1337 2401; x_wconf 80' lang='lat' dir='ltr'><strong>und</strong></span> <span class='ocrx_word' id='word_1_430' title='bbox 1355 2370 1629 2406; x_wconf 76' lang='lat' dir='ltr'><strong>Sittenmahlerei,</strong></span> <span class='ocrx_word' id='word_1_431' title='bbox 1656 2369 1771 2400; x_wconf 77' lang='lat' dir='ltr'><strong>welche</strong></span> <span class='ocrx_word' id='word_1_432' title='bbox 1793 2370 2024 2419; x_wconf 62' lang='lat' dir='ltr'><strong>Gesnmungeu</strong></span> <span class='ocrx_word' id='word_1_433' title='bbox 2040 2367 2109 2398; x_wconf 78' lang='lat' dir='ltr'><strong>und</strong></span> 
     </span>
    </p>
   </div>
   <div class='ocr_carea' id='block_1_6' title="bbox 203 2403 2109 2480">
    <p class='ocr_par' dir='ltr' id='par_1_7' title="bbox 203 2403 2109 2480">
     <span class='ocr_line' id='line_1_40' title="bbox 205 2403 2109 2453; baseline 0.003 -21"><span class='ocrx_word' id='word_1_434' title='bbox 205 2403 372 2453; x_wconf 56' lang='lat' dir='ltr'><strong>Qtaeingle</strong></span> <span class='ocrx_word' id='word_1_435' title='bbox 393 2403 453 2434; x_wconf 82' lang='lat' dir='ltr'><strong>mit</strong></span> <span class='ocrx_word' id='word_1_436' title='bbox 474 2405 644 2438; x_wconf 76' lang='lat' dir='ltr'><strong>erhabener</strong></span> <span class='ocrx_word' id='word_1_437' title='bbox 664 2406 906 2449; x_wconf 71' lang='lat' dir='ltr'><strong>Begeieteruug</strong></span> <span class='ocrx_word' id='word_1_438' title='bbox 927 2408 961 2440; x_wconf 81' lang='grc' dir='ltr'><strong>ίπ</strong></span> <span class='ocrx_word' id='word_1_439' title='bbox 981 2408 1068 2440; x_wconf 78' lang='lat' dir='ltr'><strong>einer</strong></span> <span class='ocrx_word' id='word_1_440' title='bbox 1082 2412 1438 2453; x_wconf 71' lang='lat' dir='ltr'><strong>fast-uberfliesseuden</strong></span> <span class='ocrx_word' id='word_1_441' title='bbox 1457 2412 1550 2444; x_wconf 70' lang='lat' dir='ltr'><strong>Faue</strong></span> <span class='ocrx_word' id='word_1_442' title='bbox 1571 2409 1740 2448; x_wconf 72' lang='lat' dir='ltr'><strong>achildert,</strong></span> <span class='ocrx_word' id='word_1_443' title='bbox 1771 2411 1840 2442; x_wconf 82' lang='lat' dir='ltr'><strong>und</strong></span> <span class='ocrx_word' id='word_1_444' title='bbox 1861 2411 1923 2442; x_wconf 80' lang='lat' dir='ltr'><strong>den</strong></span> <span class='ocrx_word' id='word_1_445' title='bbox 1946 2407 2109 2450; x_wconf 67' lang='lat' dir='ltr'><strong>schwung</strong></span> 
     </span>
     <span class='ocr_line' id='line_1_41' title="bbox 203 2445 876 2480; baseline 0.006 -4"><span class='ocrx_word' id='word_1_446' title='bbox 203 2454 287 2476; x_wconf 68' lang='lat' dir='ltr'><strong>emes</strong></span> <span class='ocrx_word' id='word_1_447' title='bbox 306 2445 538 2477; x_wconf 64' lang='lat' dir='ltr'><strong>dealiter-ascher»</strong></span> <span class='ocrx_word' id='word_1_448' title='bbox 559 2447 711 2480; x_wconf 68' lang='lat' dir='ltr'><strong>Gemu’tlts</strong></span> <span class='ocrx_word' id='word_1_449' title='bbox 733 2449 876 2480; x_wconf 67' lang='lat' dir='ltr'><strong>vetralla.</strong></span> 
     </span>
    </p>
   </div>
   <div class='ocr_carea' id='block_1_7' title="bbox 208 2507 2108 2608">
    <p class='ocr_par' dir='ltr' id='par_1_8' title="bbox 208 2507 2108 2608">
     <span class='ocr_line' id='line_1_42' title="bbox 323 2507 2107 2565; baseline 0.003 -20"><span class='ocrx_word' id='word_1_450' title='bbox 323 2518 362 2565; x_wconf 55' lang='lat' dir='ltr'><strong>f).</strong></span> <span class='ocrx_word' id='word_1_451' title='bbox 380 2515 422 2564; x_wconf 76' lang='lat' dir='ltr'><strong>ld</strong></span> <span class='ocrx_word' id='word_1_452' title='bbox 443 2516 561 2559; x_wconf 85' lang='lat' dir='ltr'><strong>ipsum</strong></span> <span class='ocrx_word' id='word_1_453' title='bbox 584 2507 753 2551; x_wconf 66' lang='lat' dir='ltr'><strong>ar‘britror</strong></span> <span class='ocrx_word' id='word_1_454' title='bbox 776 2513 983 2552; x_wconf 80' lang='lat' dir='ltr'><strong>Ciceronem</strong></span> <span class='ocrx_word' id='word_1_455' title='bbox 1009 2520 1164 2552; x_wconf 82' lang='lat' dir='ltr'><strong>iudicare</strong></span> <span class='ocrx_word' id='word_1_456' title='bbox 1190 2521 1225 2552; x_wconf 88' lang='lat' dir='ltr'><strong>in</strong></span> <span class='ocrx_word' id='word_1_457' title='bbox 1254 2521 1362 2564; x_wconf 85' lang='lat' dir='ltr'><strong>Epist.</strong></span> <span class='ocrx_word' id='word_1_458' title='bbox 1384 2521 1426 2553; x_wconf 90' lang='lat' dir='ltr'><strong>ad</strong></span> <span class='ocrx_word' id='word_1_459' title='bbox 1484 2533 1520 2553; x_wconf 91' lang='grc' dir='ltr'><strong>ιι.</strong></span> <span class='ocrx_word' id='word_1_460' title='bbox 1551 2521 1610 2551; x_wconf 88' lang='lat' dir='ltr'><strong>Fr.</strong></span> <span class='ocrx_word' id='word_1_461' title='bbox 1633 2519 1675 2560; x_wconf 89' lang='lat'><strong>11,</strong></span> <span class='ocrx_word' id='word_1_462' title='bbox 1698 2520 1753 2553; x_wconf 88' lang='lat'><strong>11:</strong></span> <span class='ocrx_word' id='word_1_463' title='bbox 1780 2517 1924 2565; x_wconf 73' lang='lat' dir='ltr'><strong>Lucretii</strong></span> <span class='ocrx_word' id='word_1_464' title='bbox 1941 2522 2107 2558; x_wconf 68' lang='lat' dir='ltr'><strong>poemata,</strong></span> 
     </span>
     <span class='ocr_line' id='line_1_43' title="bbox 208 2558 2108 2608; baseline 0.005 -19"><span class='ocrx_word' id='word_1_465' title='bbox 208 2560 246 2589; x_wconf 77' lang='lat' dir='ltr'><strong>ut</strong></span> <span class='ocrx_word' id='word_1_466' title='bbox 265 2558 388 2596; x_wconf 66' lang='lat' dir='ltr'><strong>serulus,</strong></span> <span class='ocrx_word' id='word_1_467' title='bbox 410 2561 458 2590; x_wconf 70' lang='lat' dir='ltr'><strong>tta</strong></span> <span class='ocrx_word' id='word_1_468' title='bbox 477 2563 570 2594; x_wconf 77' lang='lat' dir='ltr'><strong>sunt:</strong></span> <span class='ocrx_word' id='word_1_469' title='bbox 597 2569 664 2592; x_wconf 79' lang='lat' dir='ltr'><strong>non</strong></span> <span class='ocrx_word' id='word_1_470' title='bbox 684 2562 791 2595; x_wconf 73' lang='lat' dir='ltr'><strong>multis</strong></span> <span class='ocrx_word' id='word_1_471' title='bbox 811 2563 940 2604; x_wconf 77' lang='lat' dir='ltr'><strong>ingenii</strong></span> <span class='ocrx_word' id='word_1_472' title='bbox 950 2563 1130 2602; x_wconf 76' lang='lat' dir='ltr'><strong>luminibus,</strong></span> <span class='ocrx_word' id='word_1_473' title='bbox 1152 2564 1271 2596; x_wconf 76' lang='lat' dir='ltr'><strong>multae</strong></span> <span class='ocrx_word' id='word_1_474' title='bbox 1287 2568 1394 2596; x_wconf 81' lang='lat' dir='ltr'><strong>tamen</strong></span> <span class='ocrx_word' id='word_1_475' title='bbox 1415 2570 1508 2597; x_wconf 70' lang='lat' dir='ltr'><strong>artas.</strong></span> <span class='ocrx_word' id='word_1_476' title='bbox 1554 2561 1777 2608; x_wconf 78' lang='lat' dir='ltr'><strong>Quamquam</strong></span> <span class='ocrx_word' id='word_1_477' title='bbox 1799 2569 1825 2590; x_wconf 71' lang='grc' dir='ltr'><strong>ει</strong></span> <span class='ocrx_word' id='word_1_478' title='bbox 1845 2558 1952 2591; x_wconf 81' lang='lat' dir='ltr'><strong>verba</strong></span> <span class='ocrx_word' id='word_1_479' title='bbox 1964 2566 2108 2602; x_wconf 65' lang='lat' dir='ltr'><strong>spectas,</strong></span> 
     </span>
    </p>
   </div>
  </div>
 </body>
</html>
