2295 2824
937 72 1282 113 ..7-

335 191 458 251 Quid,
496 189 604 244 quod
638 190 725 241 ipse
756 187 951 237 Velleius,
987 188 1236 226 historiarum
1268 187 1455 236 scriptor,
1495 198 1517 222 a
1546 196 1642 225 vero
1677 187 1872 224 declinare
1897 200 1974 224 non
1999 197 2057 226 est

152 257 395 305 veritus‘Hl,
419 257 490 296 99:
516 256 616 292 Illud
639 257 748 292 etiam
770 255 806 289 in
831 254 899 290 hoc
924 264 1130 290 transcursu
1153 251 1337 288 dicendum
1362 259 1425 295 est,
1453 251 1506 287 ita
1531 260 1663 298 septem
1689 262 1809 288 annes
1825 251 1953 289 Rbodz·
1976 265 2055 291 mo-

152 327 282 366 ratum,
308 321 353 357 ut'
371 330 505 365 omne-5,
531 319 593 367 qui
614 318 651 354 in
676 318 934 353 transmarinas
954 316 1162 366 provincias
1192 315 1357 365 profecti,
1386 316 1522 353 visendi
1548 316 1621 352 eius
1644 318 1765 363 gratia
1790 316 1943 364 undique
1968 318 2054 352 veni-

154 391 249 420 entes
275 384 412 431 semper·
427 383 569 430 privato
596 380 643 423 (si
664 379 724 414 illa
746 381 917 417 maiestas
934 383 1078 428 privata
1104 392 1263 429 unquam
1277 373 1387 430 fuit),
1405 382 1531 430 fasces
1556 393 1644 418 suos
1669 381 1894 418 submiserint
1908 378 1954 433 ¹).

250 508 253 513 ,
333 457 403 494 His
429 456 514 493 fere
533 453 656 492 causis
672 453 858 494 adductus
884 468 960 493 non
976 464 1054 494 tarn
1075 456 1116 493 id
1130 453 1189 493 h'is
1215 455 1391 494 versibus
1416 457 1576 506 probari
1590 456 1728 504 dicam,
1753 467 1850 505 opus
1876 464 1960 490 esse
1982 452 2054 490 sub

134 517 327 567 -Augusto
353 517 522 564 finitum,
548 530 664 568 quam
690 518 950 554 continuatum
976 518 1046 555 sub
1070 517 1241 556 Tiberio.
1292 518 1494 557 Accedunt
1516 527 1723 570 praeterea
1758 517 1832 555 alia
1855 514 2054 566 quaedam,

151 591 249 632 quae
271 591 343 627 nos
368 577 506 615 eodem
531 576 708 630 dirigunt.
734 589 736 591 ·
768 580 812 616 In
838 580 1094 632 myriogenesi
1119 580 1253 631 Nepae
1283 591 1348 618 eas
1387 576 1533 620 tautum
1547 609 1558 630 ‚
1600 595 1694 634 quas
1730 587 1903 619 extrema
1933 576 2053 614 cauda

151 640 281 692 gign'at
305 647 457 677 naturas
483 640 622 679 edocet
646 639 712 689 IV,
735 640 835 689 5543
871 641 1053 693 idemque
1077 643 1126 691 V,
1151 642 1238 682 329.
1271 635 1384 680 unius
1409 643 1514 680 Arae
1539 646 1773 681 mentionem
1798 639 1941 685 iniicit,
1966 638 2054 689 quia

156 711 362 753 utrumque
388 710 531 740 astrum
557 703 606 739 ad
630 703 828 765 'Itiberium
852 705 1082 754 pertinebat,
1106 705 1172 757 qui
1197 712 1296 743 teste
1313 704 1500 744 Suetonio
1527 706 1581 756 (c.
1602 705 1658 755 5.)
1681 718 1758 744 xvi.
1784 702 1863 742 Cal.
1876 702 1975 739 Dec.
1997 701 2056 738 lu-

151 776 238 802 cem
255 764 495 814 adspexerat.
547 765 679 823 Quum
704 760 831 805 autem
856 766 1063 804 maioribus
1089 767 1266 805 laudibus
1300 779 1363 806 eas
1390 768 1586 819 genituras
1611 766 1775 814 efferat,
1812 778 1925 817 quam
1949 762 2055 815 apud

150 827 272 862 ullum
296 828 541 876 scriptorem,
565 828 633 877 qui
657 828 706 864 de
730 828 806 866 hac
832 837 914 866 arte
939 837 1109 879 egerunt,
1134 830 1322 876 invenias,
1354 842 1483 868 nonne
1505 831 1681 881 proclive
1705 829 1781 867 erit
1804 835 1966 877 putare,
1999 825 2053 863 ob

148 888 353 926 Tiberium
379 888 654 945 celebrandum
677 890 719 928 id
743 903 827 929 esse
851 889 1093 930 factitatum?
1129 893 1264 943 Neque
1287 891 1412 930 minus
1438 891 1487 929 ad
1513 892 1714 931 Tiberium
1737 888 1956 941 respexisse
1980 887 2053 935 aio,

150 963 268 1001 quum
281 952 428 1001 Nepam
452 959 676 1001 respectare
703 952 751 989 ad
776 954 923 990 Italiam
949 955 1087 991 doceat
1109 955 1176 1002 IV,
1199 954 1290 993 778.
1361 954 1425 990 De
1450 966 1529 1004 quo
1560 954 1654 991 loco
1677 953 1851 1004 pluribus
1878 951 1952 987 erit
1975 958 2053 987 tra·

149 1013 357 1050 ctandum:
395 1014 554 1063 Inferius
575 1012 686 1052 victae
717 1017 816 1052 sidus
846 1017 1069 1064 Carthaginis
1098 1028 1218 1061 arces,
1254 1015 1312 1052 Et
1331 1015 1507 1063 Libyam,
1541 1014 1766 1064 Aegyptique
1785 1015 1884 1052 latus
1907 1013 2053 1050 ‹Ionatoe

148 1086 216 1124 que
243 1086 345 1123 rura,
387 1074 653 1125 Tyrrhenas
689 1078 911 1116 lacrimis
944 1081 1161 1117 radiatus
1190 1078 1420 1128 Scorpios
1452 1091 1580 1117 arces
1605 1080 1741 1122 Erm't3
1776 1079 1977 1125 Italiaeque
2001 1084 2050 1112 ta·

147 1149 230 1174 men
252 1147 423 1185 respectat
447 1140 497 1175 acl
517 1140 650 1184 undas,
681 1139 955 1191 Sardiniamque
976 1152 1079 1188 tenet,
1085 1143 1265 1193 fusasque
1282 1156 1349 1191 per
1365 1155 1523 1191 aequora
1542 1152 1666 1179 terras.
1707 1141 1878 1180 Versum
1891 1138 2050 1176 tertium

148 1202 373 1251 (Tyrrhenas
396 1201 487 1250 etc.)
526 1201 704 1252 Scaliger
728 1211 768 1241 et
788 1204 985 1242 Bentleius
1009 1212 1191 1256 tanquam
1205 1204 1445 1255 suppositum
1463 1205 1786 1255 proscripserunt.
1821 1205 1920 1240 Esse
1946 1201 2052 1238 enim

148 1264 230 1300 sine
255 1263 338 1299 ullo
364 1274 489 1309 sensu,
515 1270 555 1300 et
579 1264 735 1315 Scorpii
757 1277 900 1303 nomen
924 1266 1244 1317 interpolatorem
1265 1266 1449 1317 prodere,
1474 1279 1551 1303 non
1565 1267 1765 1306 videntem
1780 1266 1929 1318 ipfm'us
1952 1263 2052 1300 sidus

145 1325 186 1360 in
225 1336 342 1361 versu
374 1325 499 1375 primo
530 1335 787 1363 memoratum
816 1327 1010 1377 Scorpion
1035 1328 1161 1377 ipsum
1187 1339 1292 1374 esse,
1328 1328 1382 1364 ita
1416 1327 1572 1378 quidem
1596 1334 1798 1372 vocatum,
1837 1325 1925 1376 quia
1948 1322 2050 1360 infra

145 1386 303 1423 Libram
327 1395 444 1444 esset,
484 1387 533 1424 de
567 1400 642 1437 qua
675 1388 853 1438 proxime
879 1389 1019 1440 egisset
1042 1389 1228 1426 Manilius.
1286 1389 1328 1425 In
1362 1401 1438 1440 quo
1464 1389 1586 1428 verba
1617 1396 1840 1439 portentosa
1873 1396 1975 1431 esse,
2009 1392 2050 1423 et

145 1446 298 1495 Scorpii
322 1458 463 1483 nomen
488 1447 600 1484 inane
627 1450 873 1486 concedimus
882 1463 895 1497 3
929 1464 1028 1501 quae
1052 1451 1143 1488 inde
1169 1452 1359 1502 consequi
1380 1452 1494 1500 aiunt,
1518 1464 1712 1502 negamus.
1758 1451 1856 1486 Nam
1880 1449 1914 1486 si
1937 1448 2046 1484 locus

146 1510 377 1559 depravatus
402 1519 478 1558 est,
516 1512 601 1562 quis
627 1512 799 1562 spurium
824 1526 907 1551 esse
942 1513 1172 1552 concludat?
1216 1513 1334 1571 Quod
1360 1521 1489 1551 autem
1515 1513 1670 1564 Scorpii
1693 1524 1836 1550 nomen
1859 1522 2045 1561 perverse

144 1571 298 1623 legitur,
323 1586 401 1611 non
425 1574 567 1610 mirum
585 1582 653 1611 est.
690 1576 734 1611 In
751 1574 904 1611 nomina
921 1576 1035 1622 enim,
1062 1587 1159 1626 quae
1167 1574 1290 1625 'saepe
1304 1574 1483 1622 redeunt,
1505 1575 1736 1624 plerumque
1748 1571 1898 1609 librarii
1911 1582 2046 1608 errore

144 1634 354 1672 memoriae
378 1642 563 1684 peccant,
597 1635 630 1672 si
663 1637 770 1686 quod
800 1636 926 1673 simile
957 1636 1124 1675 verbum
1155 1635 1402 1674 scribendum
1426 1644 1485 1675 est
1500 1637 1548 1685 *).
1599 1637 1810 1674 Praeterea
1841 1644 1887 1670 ea
1912 1643 2046 1671 versus

145 1782 355 1817 Conciderat
375 1782 403 1813 is
426 1786 542 1812 aurem
561 1785 674 1812 terrae
693 1787 792 1812 motu
812 1790 917 1819 anno,
940 1790 980 1812 ex
1002 1790 1073 1823 quo
1088 1790 1107 1811 e
1121 1779 1299 1811 divendito
1310 1779 1481 1816 Demetrii
1490 1779 1709 1811 Poliorcetae
1730 1783 1903 1820 apparatu
1916 1777 2043 1808 bellico

146 1824 339 1855 exstructus
362 1827 447 1853 erat.
468 1819 597 1853 LVIto.
640 1822 765 1863 Neque
787 1821 923 1852 oraculi
949 1821 1087 1851 monitu
1110 1819 1267 1852 deterriti
1292 1819 1377 1860 erigi
1398 1825 1519 1861 postea
1540 1818 1668 1850 Rhodii
1717 1819 1781 1849 assi
1804 1822 1902 1857 sunt,
1949 1825 2043 1846 uan-

141 1872 267 1936 guam-
281 1868 314 1894 et
335 1862 557 1894 Ptolemaeus
580 1868 631 1900 ct,
659 1868 699 1893 ut
725 1872 821 1893 nunc
842 1861 1025 1902 discimus,
1052 1862 1148 1894 Nero
1171 1860 1340 1903 pecunias
1361 1859 1581 1893 obtulerunt.
1610 1858 1663 1892 Cf.
1685 1828 1758 1892 Eeo
1780 1858 1870 1898 Alat.
1894 1866 1915 1889 a
1952 1856 2040 1889 Phil.

172 1914 225 1946 yz.
246 1913 283 1946 p.
308 1904 379 1938 107.
403 1902 459 1934 ed.
482 1903 585 1946 Casp.
611 1902 725 1937 Orell-

143 1997 147 1999 Α
279 1980 312 2018 h)
352 1975 444 2010 Dedi
466 1979 675 2022 scripturam
697 1978 741 2010 N.
751 1975 899 2010 Heinsii:
920 1977 1060 2018 undique
1084 1975 1245 2007 venientes
1251 1986 1265 2013 ,·
1290 1973 1392 2015 (cod:
1426 1975 1572 2015 adquem
1590 1971 1829 2012 convenientes)
1851 1968 2040 2017 nonffuod

142 2031 227 2054 vera
247 2020 425 2058 videatur,
452 2019 514 2051 sed
541 2019 625 2062 quia
650 2019 833 2051 meliorem
862 2028 935 2049 non
961 2027 1001 2049 ex
1029 2019 1102 2047 uto.
1166 2015 1318 2049 Videtur
1346 2015 1439 2047 enim
1467 2015 1504 2046 in
1525 2016 1722 2056 adquemcon
1743 2021 1871 2043 nomen
1893 2010 2040 2051 aliquod

143 2060 330 2104 proprium
350 2060 476 2101 latere3
498 2059 642 2092 fortasse
664 2059 736 2103 agri
761 2058 1018 2098 mediterranei,
1040 2057 1102 2088 ubi
1124 2056 1333 2089 commorari
1354 2056 1499 2097 solebat,
1522 2055 1635 2095 (Suet.
1658 2053 1736 2085 Tib.
1749 2053 1817 2092 12.)
1841 2061 1911 2093 (1¹10
1931 2051 2041 2092 magis

141 2100 318 2170 privatum
349 2111 451 2150 agere
477 2099 671 2132 videretur.
725 2099 897 2131 Putabam
920 2098 1127 2140 aliquando:
1164 2099 1295 2131 Abaton
1319 2099 1491 2130 venientes.
1534 2098 1663 2129 Abaton
1690 2099 1762 2141 erat
1785 2098 1970 2139 tropaeum
1993 2091 2039 2123 ab

173 2141 325 2172 rtemisia
349 2141 491 2174 victrice
520 2141 556 2172 in
582 2139 699 2172 media
726 2139 816 2171 urbe
843 2144 1010 2170 erectum.
1071 2137 1114 2169 Id
1147 2139 1194 2170 ob
1221 2139 1409 2180 religiones
1438 2137 1589 2170 deiicere
1617 2136 1716 2167 veriu
1740 2142 1862 2173 magno
1890 2141 2040 2164 circum-

143 2200 286 2241 quaque
314 2199 486 2226 exstructo
513 2192 671 2226 aedificio
695 2192 824 2224 Rhodii
853 2191 1094 2233 occluserunt3
1132 2192 1229 2223 unde
1259 2201 1390 2223 nomen
1422 2176 1591 2231 ἄβατον.
1617 2186 1658 2220 cf.
1680 2185 1817 2217 Vitruv-
1843 2184 1888 2225 ΙΙ,
1913 2183 1952 2225 8,
1985 2186 2036 2220 15.

101 2253 111 2259 ”
139 2242 216 2274 Nee
236 2251 318 2274 sane
339 2243 506 2276 abhorret
520 2255 547 2277 a
567 2243 718 2277 Neronis
741 2242 968 2282 malionitate,
995 2247 1063 2273 tam
1086 2241 1211 2274 invisas
1237 2241 1340 2274 aedes
1362 2248 1536 2282 occupare
1558 2243 1591 2268 et
1611 2234 1835 2268 salutantium
1858 2234 2036 2267 celebrare

140 2283 351 2330 frequentia.
396 2284 560 2315 Ceterum
578 2286 707 2317 frustra
717 2269 968 2315 Ruhnlienium
990 2283 1198 2314 adulationis
1219 2283 1351 2315 cfimen
1373 2282 1428 2313 hic
1448 2290 1468 2312 a
1482 2277 1618 2312 Velleio
1637 2276 1828 2309 detinui-e
1845 2281 2038 2308 monstrant

143 2329 253 2366 capua
279 2329 475 2366 comparata
496 2324 587 2356 Vell.
609 2325 652 2365 11,
675 2325 748 2359 101.
774 2330 808 2355 et
830 2323 927 2356 suet.
951 2323 1028 2355 Tib.
1051 2323 1102 2357 12.

261 2387 295 2426 Φ)
316 2383 548 2417 Memorabile
573 2385 679 2417 huius
703 2385 757 2417 rei
781 2387 980 2429 exemplum
1007 2387 1043 2416 in
1064 2386 1141 2427 ipso
1164 2385 1307 2418 Manilio
1330 2383 1457 2426 legitur
1483 2383 1523 2415 L.
1550 2381 1609 2422 ΠΙ,
1630 2382 1709 2422 4223
1753 2380 1815 2414 ubi
1837 2378 1977 2413 Gembl.
2002 2386 2036 2413 et

137 2437 427 2480 Lips.;scribunt:
449 2437 652 2479 nudatique
673 2439 846 2479 eadiepost
856 2441 961 2481 paulu
984 2450 1051 2482 gra
1088 2440 1147 2481 xpi·
1169 2439 1193 2470 ἰ.
1215 2448 1244 2470 e.
1266 2438 1381 2480 gratia
1395 2436 1527 2474 Christi,
1553 2445 1667 2477 quum
1688 2439 1773 2467 esset
1788 2431 2032 2465 scribendum:

137 2486 205 2533 ᾖ
225 2486 310 2532 po‘ti.
362 2491 476 2533 Digna
500 2490 601 2525 etiam
622 2499 712 2534 quae
735 2490 902 2525 afferatur
923 2499 1005 2525 nota
1020 2491 1186 2526 Bentleii:
1212 2491 1389 2532 „Venetus
1400 2489 1578 2530 librarius,
1594 2488 1745 2522 offensus
1764 2485 1871 2520 credo
1884 2485 2034 2519 lectione
