2295 2824
931 59 1151 102 -17
1244 26 1316 92 -’

163 187 284 225 dunt¹
311 178 480 227 hispanas
516 182 673 224 aequora
704 181 871 221 gentes
914 172 939 209 i.
963 184 997 210 e.
1034 172 1174 212 fluctus
1208 174 1323 212 litora
1358 172 1546 225 quatiunt.
1597 173 1672 212 Ubi
1705 187 1824 226 quum
1856 188 2072 228 synonyma,

163 244 310 290 caedere
329 247 369 277 et
391 249 535 289 quatere
565 249 644 274 non
668 245 777 275 recte
800 237 1047 286 misceantur,
1071 237 1195 274 multo
1222 237 1345 274 minus
1366 246 1491 284 gentes
1509 238 1627 275 scribi
1652 246 1835 289 poterant
1860 252 1933 289 pro
1958 244 2070 289 ten-is,

163 306 397 356 quamquam
424 307 626 352 praeterea
651 310 789 336 eorum
814 299 1010 337 nominum
1036 299 1269 348 metonymia
1296 299 1478 337 latissime
1505 300 1607 349 apud
1629 303 1763 350 poetas
1778 310 1890 352 patet
1907 303 1962 353 ⁸).-
1982 304 2070 341 Huc

161 366 368 405 referenda
377 374 466 404 sunt
475 365 596 404 verba
604 371 762 414 praeter
769 372 883 400 usum
897 364 1073 401 absolute
1080 363 1362 414 positam233:
1384 363 1551 412 Parsque
1559 365 1700 400 marina
1708 366 1819 402 nitens
1822 366 1856 416 f
1858 366 1949 402 und
1955 368 2049 404 enti
2054 379 2071 404 s

160 443 298 479 semper
311 431 438 478 aquari
445 443 458 472 ,-
495 427 589 467 464:
622 439 765 463 crurum
770 427 893 477 fund
900 428 1020 481 entis
1045 428 1171 475 aquari
1183 425 1388 463 Arbitrium
1404 436 1463 463 est.
1479 426 1545 473 IV,
1559 424 1654 464 605:
1681 426 1815 463 Italiae
1836 428 1876 463 si
1883 429 2071 465 nuarm‘s

163 494 201 530 in
226 494 381 535 undam3
421 490 528 542 quod
552 488 694 526 omisso
720 501 759 526 se
781 501 896 526 nemo
923 479 1075 526 dixerit.
1101 490 1130 536 1,
1153 487 1247 527 116:
1284 497 1406 525 tantas
1433 500 1660 536 emergere
1685 489 1819 531 moles3
1854 491 2079 540 Appuleius,

163 564 308 593 tamen:
350 555 425 593 Sed
441 544 639 603 postquam
662 555 775 590 ardua
800 554 964 591 emersi
971 566 983 594 ς
1021 551 1090 588 ubi
1118 550 1167 588 cf.
1194 550 1375 588 Oudend.
1403 552 1446 586 T.
1459 553 1485 587 Ι.
1511 565 1547 601 p.
1574 552 1633 590 12.
1660 564 1692 587 a.
1729 550 1917 600 Idemque
1931 553 2070 602 Appul.

163 631 202 668 p.
227 617 322 657 339:
360 616 493 653 Altum
519 629 688 665 soporem
711 617 913 654 descend
922 624 1020 653 erat
1078 615 1214 664 Neque
1240 626 1331 651 sane
1353 626 1402 650 ex
1429 614 1604 663 analogia
1627 612 1740 650 fictae
1768 613 1935 650 orationi
1961 616 2070 665 quid-

164 691 280 730 quam
305 678 444 726 obstat,
468 685 627 728 praeter
652 685 858 726 tyrannum
883 690 1008 715 usum.
1063 676 1180 733 Quod
1216 676 1319 713 idem
1348 678 1454 714 valet
1489 676 1539 712 de
1570 675 1644 721 IV,
1682 674 1775 713 286:
1813 677 2072 726 Litoribusquc

164 753 250 778 suos
268 743 476 790 populos
499 753 674 790 exponere
701 750 846 790 captos,-
886 740 913 777 i.
939 752 971 777 e.
995 742 1131 789 pisces3
1158 740 1257 779 823:
1288 740 1429 778 Scilicet
1453 742 1629 777 immenso
1656 737 1743 774 nihil
1764 747 1816 774 est
1833 741 1977 787 aequale
1997 738 2071 779 sub

164 816 273 849 aevo,
313 804 583 853 Perpetuosque
620 812 712 841 tenet
726 804 899 855 flores.
937 804 1099 850 Florem,
1134 797 1297 854 αἶκμῆν,
1339 813 1471 838 omues
1505 801 1641 837 dixere
1656 828 1667 848 ,
1698 802 1926 850 praesertim
1963 804 2071 853 geni·

163 866 245 904 tivo
271 866 416 912 addito,
440 867 547 904 velut
575 866 729 913 aetatis3
745 866 861 916 flores
888 876 1013 910 nemo,
1038 876 1088 900 ne
1114 862 1357 900 distributive
1384 863 1559 912 quidem,
1590 863 1684 900 lieet
1709 864 1918 902 innumeris
1945 878 2071 903 exem·

164 928 238 978 plis
263 927 423 978 pluralis
449 941 522 978 pro
548 928 735 979 singulari
760 927 953 965 scribatur
978 927 1016 962 in
1042 924 1259 962 nominibus
1285 924 1426 961 multis.
1478 924 1584 961 Idem
1606 925 1655 962 de
1676 928 1815 964 somnis
1826 926 2071 975 monendum,

164 1003 352 1040 perverse
377 1005 451 1040 pro
478 1006 607 1030 somno
635 992 788 1041 scriptis
814 993 843 1038 I,
868 990 937 1029 24:
976 1003 1043 1026 nos
1067 991 1103 1025 in
1129 998 1230 1025 nocte
1264 1000 1408 1032 summ,
1443 1000 1730 1037 somnosque
1764 992 1800 1026 in
1831 992 2006 1027 membra·
2023 991 2071 1028 10.

165 1066 300 1090 camus.
352 1056 395 1090 In
421 1066 497 1104 quo
522 1066 602 1090 non
626 1065 740 1103 nego,
766 1053 873 1104 quod
900 1052 1027 1090 lexioa
1054 1052 1208 1097 docent,
1233 1060 1382 1086 somnos
1407 1048 1509 1085 hunc
1523 1049 1682 1088 illumve
1696 1051 1856 1101 cepisse,
1882 1053 2072 1090 insomnis

164 1114 243 1151 hoc
269 1115 415 1153 illudve
441 1115 604 1161 vidisse3
640 1116 709 1151 sed
734 1127 836 1165 nego
861 1116 1052 1164 pluralem
1078 1125 1151 1162 pro
1178 1111 1364 1161 singulari
1389 1110 1519 1157 scribi,
1543 1112 1612 1148 ubi
1638 1113 1850 1162 generatim
1871 1115 1920 1150 de
1933 1128 2069 1152 somno

164 1188 238 1226 per
262 1189 304 1214 se
328 1177 500 1214 dicimus.
554 1177 652 1233 Quis
678 1178 728 1216 de
756 1177 880 1214 somni
904 1184 1042 1214 natura
1068 1176 1241 1213 dicturus
1267 1173 1411 1211 librum
1436 1173 1620 1211 inscribat
1645 1175 1687 1211 de
1713 1176 1878 1213 somnis?
1931 1177 2002 1214 Ille
2028 1179 2072 1215 de

165 1251 294 1276 somno
322 1239 501 1288 disputat.
554 1240 634 1275 Iam
660 1248 864 1290 utramque
889 1239 1088 1275 notionem
1112 1249 1227 1287 posse
1253 1236 1424 1283 misceri,
1451 1248 1496 1272 ac
1520 1238 1615 1285 Prae
1643 1238 1784 1274 ceteris
1809 1238 1954 1275 decere
1978 1241 2073 1288 poe·-

166 1308 235 1346 tas,
261 1309 305 1337 ut
327 1314 401 1349 pro
428 1301 552 1338 somni
577 1309 715 1338 natura
740 1313 892 1338 somnos
917 1300 1110 1347 inducant,
1134 1312 1212 1335 non
1238 1298 1390 1344 nesci03
1434 1298 1588 1347 quando
1615 1299 1657 1334 id
1681 1311 1777 1337 vero
1802 1312 1877 1349 per
1899 1302 2071 1352 linguam

165 1361 299 1406 liceat,
335 1361 376 1397 id
408 1374 487 1398 non
521 1369 600 1398 tam
626 1370 754 1412 potest
779 1362 913 1398 doceri
939 1361 1087 1410 regula,
1113 1372 1229 1409 quam
1254 1371 1368 1395 sensu
1393 1358 1565 1408 percipi,
1604 1371 1721 1409 quem
1745 1374 1848 1398 nunc
1871 1363 1932 1400 aio
1957 1364 2069 1400 laedi.

165 1425 311 1471 anue,
336 1423 411 1459 nisi
436 1424 571 1469 fallor,
606 1436 720 1460 causa
746 1425 838 1471 fuit,
881 1437 951 1460 cur
984 1423 1160 1471 Scaliger
1194 1421 1436 1469 corrigebat:
1472 1433 1601 1457 somno
1628 1424 1679 1457 sic
1703 1425 1862 1459 membra
1888 1425 2067 1467 locamus-3
2089 1469 2097 1479 x

167 1484 397 1534 quamquam
430 1485 513 1534 ipse
547 1485 659 1521 aliam
694 1484 809 1521 affert
832 1498 853 1521 a
879 1496 969 1521 casu
996 1483 1235 1532 desumptam
1244 1496 1255 1529 3
1294 1481 1389 1518 nihil
1414 1488 1543 1517 tamen
1567 1494 1726 1520 monens
1754 1484 1798 1519 L.
1826 1485 1875 1531 V,
1900 1484 1995 1524 147:
2033 1488 2069 1523 in

156 1546 312 1595 fluctum
344 1559 479 1595 ponere
506 1549 628 1583 crines.
697 1545 801 1601 Quid
839 1545 870 1581 si
905 1545 1021 1581 tertia
1057 1544 1218 1581 addatur
1251 1544 1291 1580 in
1325 1543 1529 1593 hypallage
1561 1544 1718 1592 posita?
1751 1558 1827 1595 qua
1861 1546 2069 1596 Virgilium

168 1608 307 1644 imitari
339 1609 512 1655 videtur,
552 1609 695 1658 Georg.
729 1607 795 1655 IV,
827 1605 922 1645 414:
969 1610 1104 1656 incepto
1142 1615 1272 1653 tegeret
1304 1618 1415 1654 quum
1453 1606 1589 1642 lumina
1621 1618 1772 1649 somno:
1821 1607 1846 1643 i.
1883 1619 1915 1645 e.
1953 1623 2070 1659 quum

166 1683 320 1707 somnus
347 1672 493 1707 lumina
517 1664 714 1707 conderet.
766 1670 854 1705 Jam
879 1670 1161 1716 concedamus,
1200 1680 1350 1705 somnos
1380 1665 1477 1703 ferri
1501 1679 1621 1714 posse
1651 1680 1726 1716 pro
1753 1681 1909 1717 somno,
1955 1673 2071 1710 multa

165 1728 249 1768 esse
274 1733 449 1783 exempla
476 1733 785 1783 accusativorum
816 1744 837 1767 a
867 1731 998 1769 verbis
1026 1729 1243 1767 collocandi
1267 1727 1536 1778 pendentium,
1567 1728 1798 1779 hypallagen
1824 1742 1909 1768 esse
1936 1733 2072 1772 admis-

164 1804 244 1828 sam
270 1794 372 1831 haud
397 1796 561 1842 malam}
597 1794 691 1845 quid
723 1806 812 1830 eum
838 1793 1031 1839 dicemus,
1070 1791 1137 1841 qui
1162 1791 1201 1826 in
1227 1801 1444 1839 paucorum
1463 1788 1677 1827 verborum
1703 1789 1849 1828 ambitu
1881 1800 1961 1830 tres
1986 1794 2069 1832 illas

163 1853 303 1904 figuras
329 1855 608 1894 cumulaverit?
656 1856 743 1893 Non
768 1866 842 1905 ego
868 1854 1033 1905 putabo,
1061 1867 1081 1890 a
1107 1853 1279 1891 barbaro
1306 1864 1393 1890 esse
1417 1852 1516 1888 hanc
1543 1851 1757 1889 orationem
1781 1851 1931 1902 fictam,
1968 1857 2070 1907 quod

164 1911 216 1968 ait
242 1916 439 1954 Bentleius
463 1939 514 1947 —
539 1929 666 1969 neque
691 1917 792 1955 enim
816 1916 872 1954 sic
896 1917 953 1953 illi
979 1924 1214 1969 argutantur,
1242 1937 1291 1945 —
1315 1916 1386 1954 sed
1413 1916 1660 1966 comprobari
1685 1915 1851 1966 affirmo,
1888 1931 1976 1956 eum
2001 1919 2067 1971 qui

167 1980 219 2015 ita
245 1979 452 2027 scriberet,
478 1981 603 2029 probe
629 1982 786 2033 quidem
807 1982 989 2018 didicisse
1014 1982 1195 2031 linguam,
1221 1982 1291 2019 sed
1315 1983 1389 2020 isto
1417 1983 1584 2020 caruisse
1608 1995 1722 2021 sensu
1742 1984 1890 2034 patriae
1905 1985 2065 2035 linguae,

182 2156 189 2160 ,
289 2126 318 2163 ·)
337 2124 461 2168 Itaque
481 2131 575 2158 recte
596 2126 734 2176 scripsit
758 2126 784 2167 1,
805 2126 863 2161 43:
895 2127 960 2167 Qui
978 2127 1238 2167 domuereseras
1257 2133 1403 2170 gentes
1427 2130 1547 2162 oriente
1568 2131 1625 2162 sub
1644 2130 1659 2162 ἰ
1679 2141 1725 2168 so,
1748 2130 1835 2169 Quas
1859 2133 1972 2162 secat
1993 2132 2065 2164 Eu-

163 2167 310 2207 phrates,
333 2166 367 2196 ίπ
388 2177 470 2207 qum
490 2172 523 2200 et
545 2168 638 2200 Nilus
658 2169 807 2199 inundat.
853 2166 1076 2218 Quamquam
1100 2173 1202 2210 negat
1222 2169 1350 2210 Bentl.‚
1377 2171 1440 2213 qui
1461 2182 1601 2205 versum
1628 2141 1772 2202 aft’erum
1798 2169 1963 2217 spurium
1990 2183 2066 2205 esse

168 2207 228 2246 ait:
264 2210 322 2236 »et
342 2205 470 2238 frustra
493 2208 695 2241 Gronovius
716 2207 894 2240 substinut
911 2208 1023 2255 rigan-
1044 2207 1163 2247 riguos
1185 2218 1304 2241 amnes
1327 2217 1361 2242 at
1389 2221 1433 2243 ue
1457 2212 1574 2243 hortos
1598 2219 1778 2245 noveram.
1801 2220 1919 2251 riguae
1967 2220 2066 2246 ente.

167 2256 261 2278 nunc
272 2245 428 2288 primum
451 2247 593 2282 audio.«
624 2248 926 2292 AtquiClaudian.
952 2258 988 2280 m
1009 2247 1126 2280 Rufin.
1151 2248 1195 2288 11,
1212 2251 1289 2284 111:
1322 2222 1419 2291 adlit,
1442 2253 1527 2293 Quos
1536 2252 1713 2283 Rhodanus
1728 2251 1832 2290 velox,
1852 2252 1969 2286 Arane
1983 2264 2064 2296 quos

167 2288 293 2320 tardior
320 2287 436 2324 ambit,
464 2289 512 2319 Et
539 2301 619 2330 qnos
645 2295 813 2322 nascentes
842 2291 988 2331 explorat
1070 2290 1142 2332 gite
1161 2291 1307 2330 Rhenus,
1338 2294 1517 2333 Quosque
1541 2293 1654 2332 rigat
1679 2296 1769 2324 retro
1790 2294 1952 2335 pende-ior
1971 2296 2063 2326 mdo

168 2328 363 2360 Garumnae.
405 2327 539 2359 Eodem
560 2330 665 2370 plane
688 2331 766 2362 iure
788 2332 893 2363 secari
912 2340 1011 2373 popu
1027 2339 1063 2360 os
1086 2329 1276 2372 dicemus„
1306 2343 1391 2363 uum
1413 2342 1507 2371 rura,
1530 2332 1631 2370 culta,
1656 2341 1798 2376 campos
1819 2332 1926 2365 secari
1946 2333 2063 2367 fluviis

167 2368 325 2411 omnium
351 2369 534 2410 poetarum
558 2371 751 2402 communis
773 2371 883 2403 oratio
908 2372 960 2403 sit.
1001 2370 1043 2402 Et
1066 2369 1094 2401 si
1117 2381 1259 2404 versum
1330 2396 1340 2412 ‚
1358 2372 1429 2407 603.
1452 2372 1546 2404 ferre
1570 2371 1754 2413 debemus,
1775 2373 1857 2416 qnia
1876 2372 2060 2409 abiicime-

170 2407 262 2447 quit:
292 2409 417 2447 (Laeva
430 2410 515 2449 freti
536 2411 708 2441 caedunt
722 2412 895 2451 ,Hispanas
917 2421 1057 2453 aeq-:tora
1074 2415 1256 2452 gentes),
1284 2423 1348 2443 cur
1358 2413 1452 2443 hunc
1471 2413 1680 2453 reficiamus,
1727 2414 1784 2445 uia
1800 2413 1919 2445 abesse
1938 2414 1985 2447 ali
2039 2426 2061 2447 ο

169 2446 273 2477 modo
295 2448 432 2489 potest?
463 2448 627 2482 Ceterum
649 2450 807 2482 inundare
850 2453 959 2484 ιιπιίπα
977 2452 1011 2483 in
1028 2455 1145 2499 gentes
1163 2459 1304 2494 praeter
1315 2452 1607 2485 consuetudinem
1623 2454 1702 2494 dici,
1746 2452 1873 2486 entleio
1889 2464 1997 2488 conce
2023 2466 2061 2496 o;

169 2484 230 2515 sed
251 2487 443 2529 analogiam
464 2490 503 2522 L.
518 2490 557 2523 L.
580 2492 666 2522 haec
685 2491 796 2523 verba
833 2501 923 2533 erre,
947 2498 981 2524 et
1003 2492 1103 2534 dlgnss
1125 2492 1271 2524 Manilio
1292 2502 1366 2525 esse
1388 2493 1577 2530 contendo.

1506 2550 1565 2598 (3)
