2295 2824
955 71 1172 114 -13
1271 45 1348 105 -”

1182 140 1203 163 x

200 191 392 232 saltantur,
418 185 684 222 subsistebant.
735 185 834 220 Nam
861 193 979 234 quum
1003 183 1141 233 poesin
1164 195 1245 221 non
1269 183 1533 233 intelligerent
1559 197 1637 222 non
1663 193 1741 224 tam
1767 197 1940 227 mentem·
1954 192 2109 241 docere,

200 243 323 299 quam*
341 247 507 284 animum
517 247 743 292 delectare,
752 257 822 282 -eas
850 245 964 282 etiam
988 245 1251 283 doctrinarum
1276 254 1405 294 partes
1432 245 1607 284 versibus
1635 250 1983 300 amplectebantur,
2009 268 2109 304 qnae

200 310 251 346 ad
275 311 413 359 poesin
439 310 636 360 pertinere
659 309 768 347 nullo
786 308 919 347 .mod0
954 317 1124 359 possunt.
1178 309 1255 359 Sic,
1288 316 1332 346 ut
1367 321 1444 347 uno
1481 310 1659 360 exemplo
1693 311 1902 365 defungar,
1936 317 2108 358 Manilius

199 370 240 407 in
263 372 307 408 L.
332 372 396 412 IV.
424 385 446 409 a
468 386 522 412 vs.
546 373 632 412 444.
658 372 828 422 singulos
853 371 1094 423 singulorum
1118 372 1317 423 signorum
1342 371 1422 408 dies
1447 373 1511 411 vel
1538 373 1674 411 felices
1699 377 1762 412 vel
1782 377 1958 416 infelices
1973 380 2110 418 ordine

199 432 445 473 dinumerare
483 447 557 485 per
580 434 777 485 sexaginta
807 446 943 473 versus
977 447 1055 471 non
1086 435 1333 483 formidavit,
1368 433 1445 472 hoc
1469 436 1608 474 modo:
1646 437 1825 484 Lanigeri
1853 453 1940 488 pars
1981 453 2111 491 quarta

198 505 311 543 nocet,
336 509 399 534 nec
421 505 525 534 sexta
548 497 713 533 salubris.
766 495 930 545 Septima
950 510 1021 546 par
1048 498 1098 534 illi
1121 510 1164 534 ac
1189 499 1326 534 decima
1352 506 1422 544 est,
1455 499 1681 548 decimaeque
1703 502 1868 538 secunda.
1933 503 2109 555 Quaeque
2124 511 2134 523 ¹

198 559 288 595 duas
311 560 464 607 duplicat
488 570 661 607 summas,
687 558 887 608 septemque
912 572 1128 608 novemque,
1152 561 1302 609 Unaque
1328 562 1454 608 viginti
1477 564 1630 599 numeris
1648 576 1740 612 pars
1764 565 1888 603 addita
1899 565 2015 612 laedit,
2049 569 2108 606 Et

198 623 322 668 quinta
347 629 381 657 et
406 622 536 658 durum
566 633 821 659 consummans
854 625 1005 671 septima
1029 633 1190 672 partum.
1251 624 1308 661 Ita
1335 624 1502 674 ›q'uidem
1537 625 1787 664 tristissimam
1816 627 1920 665 hanc
1953 636 2106 678 partem

196 681 385 731 poematis
411 694 557 720 summa
585 696 673 721 cum
707 686 942 733 operositate
976 686 1160 722 orationis
1193 686 1371 725 variavit!
1409 688 1524 723 Istam
1556 700 1653 724 vero
1684 690 1942 737 tenuitatem,
1960 691 2031 728 ubi
2057 693 2106 729 ad

195 746 415 783 fabularum
442 758 616 786 ornatum
642 749 747 787 venit
757 777 767 796 ‚
794 757 1027 800 exaggerato
1046 757 1200 786 tumore
1215 761 1467 799 compensare
1483 748 1771 799 quodammodo
1785 751 1946 790 laborat.
1960 741 1969 748 X
1984 753 2106 811 Quod

195 808 302 845 initio
329 811 627 855 Andromedeae
651 811 825 858 fabulae,
864 824 939 861 qua
974 811 1116 849 ovidio
1151 825 1223 860 par
1249 824 1334 848 esse
1360 812 1482 860 cupit,
1515 808 1826 860 comprobabm.
1855 815 1899 850 L.
1925 817 1975 862 V,
2005 816 2103 856 543:

193 872 397 921 Proposita
423 883 475 910 est
499 885 643 919 merces,
671 886 800 911 vesano
827 875 949 911 dedere
968 883 1084 922 ponto
1111 873 1397 917 Andromedam,
1422 881 1559 910 teneros
1584 883 1623 910 ut
1650 875 1763 911 bellua
1787 877 1968 913 manderet
1989 887 2099 920 artus.

194 933 284 981 [Cui
311 935 351 970 id
375 936 521 985 legenti
545 948 624 973 non
649 936 750 972 istud
775 936 814 972 in
840 944 1008 972 mentem
1036 936 1184 973 veniat:
1232 936 1393 972 Crudum
1423 936 1639 972 manducam
1663 937 1860 974 Priamum
1885 939 2100 988 Priamique

187 995 339 1042 pusillos
350 995 384 1045 Ρ]
401 998 489 1046 ἱΗὶε
514 998 747 1046 Hymenaeus
774 1006 859 1045 erat,
884 998 1068 1045 solataque
1086 997 1230 1045 publica
1256 997 1388 1032 damna
1403 995 1568 1032 Privatis
1581 997 1756 1040 lacrimis3
1784 1009 1931 1036 ornatur
1954 1002 2101 1039 uictima

185 1068 343 1102 poenae,
377 1059 613 1105 Induiturque
637 1061 736 1094 sinus
761 1072 835 1094 non
859 1060 943 1094 haec
969 1061 1017 1094 ad
1042 1068 1126 1095 vota
1147 1068 1319 1106 paratos,
1353 1059 1514 1103 Virginis
1539 1068 1571 1094 et
1597 1061 1695 1095 vivae
1721 1064 1859 1108 rapitur
1883 1063 1957 1097 sine
1967 1062 2098 1111 funere

177 1117 307 1168 sunus.
345 1119 518 1160 Deindex
564 1120 727 1157 Tandem
757 1121 944 1167 Gorgonei
971 1121 1140 1157 victorem
1164 1121 1303 1157 Persea
1323 1119 1476 1156 monstri
1512 1118 1618 1155 Felix
1643 1120 1702 1155 illa
1726 1122 1799 1158 dies
1824 1123 2025 1158 redeuntem
2049 1124 2099 1159 ad

188 1182 295 1219 litora
321 1183 434 1219 duxit.
486 1183 599 1230 Isque
624 1183 684 1219 ubi
701 1184 912 1231 pendentem
939 1184 1024 1220 vidit
1049 1184 1091 1219 de
1113 1196 1198 1232 rupe
1218 1183 1388 1231 puellam,
1416 1182 1598 1228 Diriguit,
1615 1183 1734 1233 facies
1761 1197 1866 1232 quem
1891 1197 1965 1221 non
1981 1194 2095 1233 stupe-

177 1243 316 1292 fecerat
340 1244 465 1290 hostis,
500 1244 641 1291 Vixque
666 1256 776 1280 manu
802 1246 958 1292 spolium
983 1246 1112 1290 tenuit,
1148 1246 1325 1292 victorque
1349 1245 1524 1280 Medusae
1560 1246 1685 1282 Victus
1710 1248 1746 1283 in
1760 1246 1997 1283 Andromeda
2023 1255 2094 1289 est;

185 1307 262 1341 iam
285 1306 444 1349 cautibus
470 1307 597 1341 invidet
623 1307 720 1353 ipsis,
750 1307 954 1354 Felicesque
982 1316 1103 1351 vocat,
1130 1316 1269 1343 teneant
1290 1319 1380 1354 quae
1405 1307 1566 1343 membra
1590 1318 1744 1345 catenas.
1799 1309 1929 1359 Atque
1954 1307 2018 1345 hic
2046 1308 2093 1345 ad

184 1367 368 1406 Helvium
395 1367 554 1406 Cinnam
578 1367 821 1405 redeundum
846 1376 922 1417 est,
956 1380 1073 1419 quem
1107 1380 1184 1416 non
1216 1367 1339 1405 minus
1373 1367 1593 1407 imitatione
1623 1370 1857 1421 expressisse
1883 1371 2091 1426 Manilium,

182 1444 299 1480 supra
324 1430 545 1480 significavi.
600 1433 765 1486 Quando
793 1434 895 1467 enim
921 1445 998 1467 non
1025 1432 1147 1467 effusa
1162 1432 1272 1466 unius
1287 1431 1442 1465 fabulae
1458 1432 1707 1478 expositione,
1735 1433 1803 1467 sed
1819 1433 2088 1481 exemplorum

183 1493 322 1542 stipata
347 1493 460 1542 copia
487 1493 636 1543 agenda
662 1505 725 1530 res
752 1500 829 1540 est,
860 1492 959 1528 illius
993 1495 1135 1542 pois'tae
1159 1503 1270 1529 more
1296 1490 1553 1541 aenigmatum
1578 1492 1697 1530 instar
1724 1493 2064 1544 conglomerantur
2073 1508 2085 1542 3

182 1556 290 1592 velut
314 1556 359 1591 L.
374 1556 426 1601 ΙΙ,
461 1555 521 1601 13,
561 1556 743 1603 (cecinit)
782 1557 839 1591 Et
865 1556 973 1591 chaos
1000 1557 1146 1591 enixum
1171 1565 1294 1601 terras,
1317 1554 1504 1600 orbemque
1530 1555 1593 1590 sub
1616 1556 1676 1606 illo
1691 1556 1878 1604 Infantem
1899 1566 1931 1593 et
1943 1559 2085 1604 primos

182 1619 372 1655 titubantia
396 1619 512 1655 sidera
528 1628 657 1665 partus
665 1632 677 1660 ‚-
732 1618 951 1666 Titanasque
976 1630 1093 1665 senes,
1131 1619 1236 1655 Iovis
1261 1626 1295 1653 et
1321 1616 1493 1652 cunabula
1519 1618 1664 1663 magni3
1703 1618 1761 1654 Et
1793 1618 1857 1654 sub
1872 1619 1993 1668 fratre
2021 1621 2085 1657 viri

180 1691 322 1725 nomen,
338 1681 423 1715 >sine
438 1680 558 1729 fratre
578 1681 738 1727 parentis
765 1687 847 1722 etc„
863 1680 903 1716 it.
929 1692 984 1716 vs.
1009 1681 1072 1726 28,
1113 1680 1169 1729 (in
1198 1679 1346 1714 caelum
1381 1676 1564 1725 intulere)
1603 1679 1728 1714 Persei
1759 1688 1792 1715 et
1828 1679 2083 1718 Andromedae

171 1755 323 1790 poenas,
347 1752 566 1789 matremque
591 1742 777 1787 dolentem,
808 1741 1078 1789 Solventemque
1098 1750 1261 1790 patrem,
1285 1748 1492 1788 raptamque
1518 1740 1688 1788 Lycaone
1713 1749 1850 1786 natam,
1882 1740 2081 1791 Officioque

177 1805 281 1841 Iovis
311 1805 548 1854 Cynosuram,
585 1805 675 1840 lacte
695 1804 884 1852 capellamf,
918 1805 976 1840 Et
991 1805 1097 1854 furto
1130 1804 1294 1852 Cycnum.
1333 1802 1399 1840 vel
1432 1802 1475 1836 L.
1500 1802 1571 1846 111,
1613 1802 1681 1839 15:
1725 1803 1939 1851 Septenosve
1965 1806 2078 1852 duces,

179 1876 361 1914 ereptaque
379 1867 532 1914 fulmine
546 1866 713 1915 flammis
738 1868 890 1904 Moenia
923 1855 1127 1904 Thebarum
1152 1876 1185 1902 et
1211 1867 1352 1911 victam,
1379 1867 1464 1914 quia
1488 1867 1633 1911 vicerat,
1658 1868 1791 1915 urbem,
1834 1868 2075 1906 Germanosve

172 1930 287 1977 patris
311 1928 474 1978 referam,
490 1930 693 1977 ,matrisque
707 1939 873 1979 nepotes,
898 1929 1128 1966 -Natorumve
1152 1928 1283 1977 epulas,
1311 1939 1546 1976 conversaque
1569 1929 1685 1965 sidera
1699 1939 1805 1977 retro,
1832 1932 2072 1980 Ereptamque

175 2110 233 2139 ille
262 2116 369 2150 atque
398 2119 460 2150 ego
488 2109 592 2150 plane
622 2109 794 2139 contraria
821 2107 939 2139 dicere
964 2106 1138 2138 videmur.
1187 2106 1260 2146 Ego
1284 2107 1375 2139 enim
1399 2107 1575 2150 ingenium
1602 2106 1735 2147 tribuo,
1764 2111 1869 2137 artem
1893 2105 2067 2139 desidero.

174 2148 244 2181 Sed
265 2150 390 2190 ingatii
408 2150 529 2181 lumina
550 2148 645 2191 apud
669 2148 740 2178 Cic.
761 2154 844 2178 sunt
864 2147 997 2177 lumina
1019 2146 1197 2186 orationis,
1220 2147 1243 2178 i.
1270 2157 1302 2179 e.
1315 2155 1470 2179 <ornatus
1487 2150 1659 2190 po'e'ticus,
1688 2157 1792 2189 quem
1819 2146 1877 2177 ille
1898 2146 2067 2189 frequen-

174 2190 298 2227 tiorem
321 2189 441 2227 videre
464 2189 564 2230 velit,
592 2199 654 2230 ego
679 2188 806 2230 ingenii
829 2193 948 2219 testem
973 2185 1139 2227 ᾳᾷὴίὺεο,
1168 2197 1253 2230 quo,
1276 2195 1429 2231 quantus
1449 2192 1552 2232 poeta
1574 2188 1695 2226 fuerit,
1722 2187 1747 2217 si
1770 2186 1875 2217 semel
1900 2187 2066 2219 materiae

173 2229 366 2262 ariditatem
387 2229 534 2268 abiiciau
554 2230 754 2272 prohemus
772 2221 891 2260 'A‘rtevlt
911 2228 1028 2259 ille'in
1049 2227 1228 2260 doctrinae
1253 2229 1395 2270 Epicur.
1425 2230 1651 2271 explicatione
1679 2227 1840 2265 collocat,
1870 2233 1904 2259 et
1929 2227 1965 2259 in
1989 2239 2064 2259 ver·

172 2281 288 2310 suum,
308 2269 348 2301 'ut
370 2275 456 2301 tunc
482 2276 557 2302 erat
581 2281 617 2302 ca
646 2276 711 2308 tus,
734 2269 833 2301 docta
855 2275 1046 2307 structura3
1074 2277 1137 2310 ego
1165 2269 1424 2311 intelligentiam
1447 2270 1526 2299 artis
1549 2268 1702 2309 poeticae
1729 2278 1769 2300 rc
1796 2268 1890 2300 uiro.
1934 2268 2061 2299 Tullia·

171 2321 258 2342 num
280 2317 394 2343 tamen
421 2310 539 2341 locum
560 2312 621 2341 Εἰς
647 2311 776 2343 stadius
802 2311 981 2352 amplexus
1005 2308 1040 2339 in
1063 2308 1212 2342 Praefat.
1236 2310 1279 2342 ad
1303 2310 1357 2342 ed.
1374 2310 1513 2341 Lucret.
1543 2308 1697 2351 iniquius
1726 2309 1765 2340 iu
1805 2318 1883 2341 care
1910 2307 2061 2350 videtur,

172 2350 257 2383 dum
278 2353 462 2394 po'e'tarum
484 2349 664 2392 ingenium
687 2352 722 2381 in
748 2361 791 2382 eo
812 2359 1024 2393 magnopere
1046 2348 1229 2382 desiderat.
1252 2349 1256 2354 ’
1273 2351 1397 2392 Neque
1418 2356 1532 2380 tamen
1551 2356 1659 2380 tantas
1679 2350 1717 2381 in
1739 2361 1822 2381 eum
1843 2348 1963 2379 laudes
1977 2359 2059 2381 con·

171 2399 300 2431 geram,
322 2397 468 2435 quantas
489 2390 707 2433 Bernhardy,
731 2391 888 2424 Grundr.
910 2401 947 2434 p.
966 2390 1027 2424 215
1047 2399 1098 2431 sq·
1137 2389 1208 2422 sed
1235 2390 1389 2423 medium
1420 2400 1558 2421 cursum
1585 2400 1741 2434 eumque
1774 2399 1895 2422 verum
1925 2391 1983 2426 (ut
2003 2389 2058 2431 fit)

168 2430 339 2474 Forbiger
358 2432 485 2468 tenuit:
518 2431 571 2462 Dc
600 2432 741 2463 Luci-et.
768 2433 848 2464 Cat-i
876 2433 1026 2463 carmine
1060 2440 1080 2461 a
1100 2432 1270 2474 scriptore
1296 2431 1436 2475 serioris
1460 2430 1579 2464 aetatis
1601 2431 1721 2464 denuo
1745 2435 1943 2469 retractato,
2003 2439 2055 2478 ag.

164 2469 233 2541 3⁵¹?
261 2481 293 2518 ·;‚
317 2481 542 2544 {quiunqualuii1
552 2472 666 2547 uisum
684 2471 769 2547 &bri
789 2478 1033 2513 argumentum
1055 2481 1126 2502 non
1150 2472 1256 2514 magis
1273 2471 1356 2502 mihi
1380 2471 1555 2513 probavit,
1576 2483 1683 2515 quam
1707 2472 1863 2512 Orellioy
1885 2439 2056 2503 ordalii-ni

186 2517 472 2544 aruceretc.
544 2536 553 2553 ‚
595 2522 661 2555 ‚p.
726 2534 734 2543 .
