2295 2824
723 59 739 67 ,
956 59 1333 102 *21*

193 163 389 218 credibilis
415 174 462 202 ea
489 173 529 203 et
553 166 821 215 interpretatio
848 174 888 205 et
912 169 1037 208 oratio
1062 167 1270 218 videbitur,
1293 170 1522 221 praesertim
1547 172 1604 221 iis,
1639 174 1706 225 qui
1730 174 1877 213 Manilii
1896 177 2091 228 ingenium

190 224 315 265 minus
338 234 540 269 noverunt.
585 223 719 280 Neque
745 228 848 265 enim
874 230 1109 270 conferenda
1134 240 1203 280 est,
1229 232 1413 271 audacior
1437 233 1502 272 vel
1525 234 1619 284 ipsa,
1646 238 1772 275 oratio
1789 239 1971 278 German.
1984 243 2087 282 Arat.

187 300 223 325 v.
245 286 340 327 365:
366 290 609 338 Phaethonta,
645 289 798 328 Vulnere
823 293 1022 331 reddentem
1036 294 1216 345 flanvnas
1238 295 1353 341 Ιονὶε,
1391 295 1497 347 quod
1521 295 1632 335 re'cte
1659 299 1769 349 cepit<
1786 298 1919 338 Orellt
1955 311 1979 342 e,
2007 301 2086 340 vul·

184 361 280 388 nere
304 364 376 390 suo
403 352 517 390 etiam
542 361 634 391 tunc
659 352 829 391 fumante
855 356 963 406 quasi
988 356 1239 405 reddentem,
1277 356 1477 395 efflantem
1501 357 1675 397 flammas
1710 363 1826 400 Jovis.
1874 362 1995 420 Quod
2013 362 2085 401 nisi

186 420 298 450 caute
324 416 514 464 agendum
541 415 601 460 sit,
630 416 841 465 corrigam:
884 419 1039 464 Ignibus
1064 420 1158 457 ultus
1176 426 1179 429 ’
1197 420 1376 466 Vulnera,
1416 421 1468 458 bis
1500 423 1612 459 victor
1632 425 1822 471 ,repetisset
1846 426 1993 464 Muciam
2026 438 2085 467 ut·

183 476 283 518 herm
323 477 464 514 iterum
492 476 629 513 Senec.
658 478 766 528 epist.
793 478 863 517 66:
891 480 1039 518 Mucius
1062 484 1205 520 inermis
1229 492 1263 520 et
1285 494 1436 521 mancus
1460 494 1493 521 et
1518 487 1717 526 illamanu
1742 496 1866 524 trunca
1878 499 1978 535 reges
1990 489 2083 530 duos

181 539 273 575 vicit.
298 541 325 585 1,
346 538 421 581 v962
450 539 530 575 Nec
550 541 653 587 prius
679 542 850 589 imposuit
875 542 976 580 rebus
988 543 1172 593 finemque
1197 559 1429 595 manumque,
1462 547 1652 598 (solertia)
1684 559 1797 599 quam
1826 557 1901 587 etc.
1917 541 2081 605 *squam

176 598 439 640 locum-varie
465 606 684 648 tentarunt3
718 612 807 638 nam
832 616 982 642 manum
1013 608 1194 656 imponere
1219 621 1302 645 esse
1326 621 1412 646 rem
1439 611 1648 660 gerendam
1673 611 1854 664 adgredi,
1885 611 1928 649 in
1959 622 2078 660 opere

175 660 344 697 finiendo
370 663 588 699 necessario
614 663 692 699 dici
717 665 882 703 ultimam
907 680 1065 706 manum.
1102 669 1151 707 cf.
1193 670 1380 708 D'orville
1416 671 1466 707 ad
1505 671 1648 708 Charit.
1681 686 1719 722 p.
1741 674 1840 723 4883
1865 673 2002 711 Barth.
2029 668 2078 713 ad

169 839 319 873 videtur.
368 841 455 874 Nam
482 843 656 885 primum,
681 845 711 876 si
735 855 801 877 vss.
829 856 907 889 sqq.
939 847 1206 887 (Extremumque
1232 856 1365 884 secans,-
1403 855 1494 888 quae
1524 855 1608 878 sane
1637 844 1751 888 capite
1780 850 1905 877 trunca
1933 856 2008 887 esse
2034 850 2070 879 in

168 882 292 913 oculos
320 882 484 926 incurrit)
517 884 662 925 aliquod
690 887 987 928 complementum
1015 886 1217 918 desiderare
1243 885 1409 922 librarius
1435 887 1591 925 videbat,
1624 897 1688 918 cur
1714 884 1879 926 addebat,
1911 886 2002 929 quae
2026 883 2071 920 ad

167 920 348 953 borealem
373 921 544 953 circulum
568 925 821 966 pertinebant?
856 937 921 957 cur
939 937 1024 964 non,
1046 935 1137 968 quae
1152 926 1196 956 ad
1213 926 1379 957 coluros?
1406 927 1611 967 praesertim
1628 938 1709 957 cum
1723 927 1989 969 superscriptio:
2019 930 2070 963 De

166 963 283 994 coluris
305 962 463 1004 proxime
486 969 564 995 ante
586 965 682 997 hunc
704 976 846 998 versum
870 966 1122 1009 praecederet?
1155 965 1291 1000 Deinde
1321 975 1442 997 carere
1462 967 1601 999 finitore
1624 966 1660 997 in
1684 967 1763 997 circ.
1786 973 1869 998 aret.
1895 977 1967 1009 non
1989 978 2068 1010 pos-

163 1012 297 1040 sumus,
320 1004 382 1044 qui
401 1009 520 1036 tamen
542 1005 668 1037 omisso
692 1007 758 1038 hoc
779 1018 884 1038 versu
906 1017 1081 1055 nusquam
1105 1012 1165 1038 est.
1207 1006 1372 1048 Denique
1396 1006 1440 1037 ad
1462 1007 1579 1048 ipsum
1603 1013 1636 1038 te
1659 1006 1812 1038 iudicem
1833 1017 2001 1049 provoco,
2022 1017 2067 1040 an

161 1042 249 1073 haec
267 1043 373 1083 plena
397 1042 501 1073 huius
526 1045 648 1075 circuli
674 1046 785 1077 deseri
814 1047 861 1078 tio
887 1047 999 1078 videm
1024 1047 1167 1078 debeat:
1200 1047 1345 1077 Cir-culus
1365 1048 1410 1078 ad
1422 1048 1552 1078 boream
1563 1049 1753 1087 fulgentem
1768 1049 1907 1079 eustinet
1918 1050 2067 1080 Areten?

157 1082 281 1123 Itaque
296 1082 450 1124 primum
464 1093 605 1116 versum
621 1086 715 1116 omni
730 1057 834 1118 mogo
857 1087 1069 1118 servandum
1087 1097 1159 1119 esse
1186 1086 1253 1126 aio,
1272 1087 1478 1127 praesertim
1502 1097 1614 1128 quum
1636 1087 1679 1117 sit
1691 1086 1837 1117 finitoris
1851 1088 1983 1119 mentio
2004 1088 2064 1120 do-

162 1121 260 1162 ctior,
282 1132 389 1165 quam
413 1133 504 1165 quae
526 1124 770 1168 interpolatori
797 1127 827 1158 ei
850 1127 957 1159 tribui
980 1134 1107 1170 posset,
1136 1137 1155 1158 a
1178 1137 1250 1169 quo
1273 1132 1322 1157 est
1344 1137 1394 1157 vs.
1411 1125 1614 1169 insequens:
1646 1128 1797 1158 Per-meat
1811 1128 2062 1168 Arctophylaca.

158 1163 317 1194 Primum
343 1162 447 1202 enim,
468 1164 722 1207 Arctophylaca
748 1168 827 1209 quis
848 1168 961 1200 ferat?
990 1169 1115 1210 Neque
1139 1178 1214 1208 ego,
1237 1176 1307 1208 qua
1331 1167 1531 1198 coniectura
1554 1167 1581 1198 is
1604 1167 1722 1208 lapsus
1744 1166 1846 1198 eximi
1868 1174 1990 1208 queat,
2011 1169 2062 1200 in·

157 1202 274 1237 venio.
317 1204 404 1234 Nam
431 1204 541 1245 possis
567 1212 606 1236 tu
627 1207 771 1253 quidem
793 1210 1018 1248 Arcturonque
1045 1209 1220 1250 corrigere
1254 1207 1314 1246 (cf.
1340 1208 1372 1239 J.
1400 1209 1443 1237 H.
1463 1208 1549 1238 Voss
1577 1207 1620 1237 ad
1649 1209 1744 1237 Arat.
1771 1207 1903 1238 Phaon.
1921 1219 1966 1239 vv.
1989 1211 2061 1247 91).

156 1242 226 1274 Sed
242 1254 360 1285 neque
375 1244 452 1282 hoc,
465 1255 583 1287 neque
597 1246 671 1277 ahis
688 1247 891 1279 nominibus
903 1249 998 1280 Man.
1014 1248 1136 1287 utitur,
1149 1256 1241 1290 quae
1255 1247 1351 1289 apud
1365 1246 1451 1277 alios
1466 1257 1534 1289 pro
1548 1247 1715 1294 Arctoph.
1733 1246 1976 1288 inveniuntur.
1996 1246 2063 1279 n‘ec

158 1282 253 1313 unde
268 1283 353 1313 haec
366 1284 548 1315 nominum
561 1286 705 1317 mutatio
721 1294 838 1318 exorta
849 1288 901 1327 sit,
912 1288 1012 1319 facile
1031 1288 1136 1319 dicas.v
1148 1286 1297 1326 Deinde,
1320 1286 1418 1328 quod
1434 1288 1545 1318 maius
1565 1294 1625 1326 est,
1639 1288 1694 1317 hnc
1711 1297 1836 1317 versus
1852 1286 2062 1321 auctioribus

155 1322 286 1354 finibus
305 1322 386 1354 circ.
400 1330 484 1355 aret.
498 1324 658 1366 includit,
677 1337 783 1369 quam
800 1328 935 1359 Eudoxi
953 1329 1106 1359 rationes
1123 1328 1324 1369 patiuntur3
1348 1336 1429 1356 nam
1443 1333 1482 1357 ut
1492 1327 1593 1357 locus
1606 1337 1646 1357 ex
1663 1326 1870 1367 Hipparcho
1882 1337 1990 1368 supra
2001 1328 2058 1359 ad-

154 1364 304 1406 scriptus
316 1364 538 1404 demonstrat,
554 1376 625 1396 non
633 1368 992 1410 petitArctophylaoa‚
1005 1368 1066 1400 sed
1076 1373 1177 1406 secat,
1190 1376 1310 1409 neque
1323 1376 1390 1408 per
1403 1371 1500 1408 terga
1512 1366 1692 1405 Draconis,
1704 1366 1765 1397 sed
1776 1375 1843 1408 per
1853 1372 1953 1408 eaput
1963 1367 2057 1400 duci·

153 1409 229 1442 ειη-5
242 1413 391 1444 eamque
398 1404 570 1435 rationem
581 1406 683 1436 etiam
690 1409 810 1438 Manil.
821 1410 922 1449 sequi
930 1415 964 1439 et
971 1409 1036 1439 alia
1043 1409 1197 1456 probant
1208 1414 1242 1458 ef
1249 1418 1296 1439 vs.
1304 1407 1653 1458 ipse5372sulgentem
1664 1409 1839 1452 egstinet
1848 1408 2013 1440 Arcton-i.
2025 1419 2055 1441 e.

150 1456 186 1487 in
212 1466 255 1488 eo
273 1455 405 1487 circulo
431 1465 513 1487 ursa
536 1456 649 1488 maior
673 1458 781 1500 pedes
803 1458 959 1490 fulcit—
988 1448 1071 1492 όπό
1096 1465 1186 1497 τους
1218 1444 1465 1506 εμπροοθῖους
1493 1444 1619 1496 mdccc
1649 1464 1719 1512 της
1748 1464 1847 1505 μέγ.
1887 1450 2050 1509 α”ρκτοῑὴ

148 1508 207 1538 Est
227 1507 335 1547 igitur
358 1507 414 1538 hic
435 1517 561 1538 versus
584 1507 676 1539 haud
697 1508 805 1541 dubie
823 1508 1050 1541 abiiciendus.
1094 1507 1168 1540 Nec
1185 1513 1299 1538 tamen
1316 1505 1421 1548 magis
1439 1506 1587 1545 ferendi,
1609 1517 1671 1549 qm
1686 1517 1783 1537 nunc
1799 1517 1836 1538 se
1856 1507 2050 1549 excipiunt:

148 1548 292 1579 Circulus
310 1560 331 1579 a
352 1558 488 1579 summo·
513 1549 657 1579 circulus
678 1551 722 1580 ad
742 1551 880 1581 boream.
921 1551 974 1581 De
994 1549 1124 1591 quibus
1139 1548 1226 1589 quid
1246 1553 1403 1586 statuam,
1425 1547 1584 1578 nondum
1603 1547 1693 1593 mihi·
1709 1547 1847 1589 liquere
1870 1548 2049 1589 PPOfiteffl'·

147 1587 234 1619 Nam
259 1598 371 1630 quum
397 1587 432 1619 in
460 1587 546 1619 folio
570 1599 635 1619 vss.
659 1589 700 1622 46
727 1589 933 1630 habeamus,
960 1600 1032 1620 non
1056 1589 1114 1628 445
1155 1587 1226 1618 duo
1250 1597 1323 1618 esse
1353 1586 1390 1616 in
1417 1587 1458 1617 iis
1485 1587 1643 1633 spurios,
1670 1587 1752 1617 hcet
1772 1588 1953 1628 suspicari.
2008 1593 2052 1621 At

146 1634 232 1660 vero
255 1638 314 1660 eos
336 1639 409 1660 esse
431 1629 493 1660 hos
518 1628 624 1670 ipsos,
644 1640 715 1660 non
739 1631 985 1672 consequitur-3
1017 1639 1136 1672 neque
1159 1628 1242 1659 mihi
1267 1627 1351 1658 tales
1373 1625 1553 1666 videntur,
1581 1637 1642 1668 qm
1665 1636 1731 1668 per
1752 1637 1788 1658 se
1813 1626 1969 1660 damnari
1993 1630 2049 1661 de-

145 1669 261 1701 beant.
309 1670 385 1700 Hoc
412 1674 528 1699 tamen
560 1670 695 1704 versui:
731 1672 877 1702 Circulus
902 1672 946 1703 ad
973 1677 1035 1702 etc.
1068 1669 1196 1707 obstat,
1227 1667 1326 1710 quod
1354 1667 1455 1698 fictus
1483 1677 1554 1698 esse
1584 1667 1725 1697 videtur
1751 1677 1792 1698 ex
1814 1668 1856 1699 L.
1885 1669 1946 1710 IV,
1972 1671 2047 1704 162:

145 1710 269 1741 Cancer
291 1711 336 1741 ad
356 1710 520 1741 ardentem
534 1711 674 1750 fulgens
700 1712 735 1741 in
761 1713 892 1742 cardine
914 1716 1041 1742 metam.
1084 1709 1153 1740 Sed
1177 1713 1359 1755 utcunque
1380 1717 1417 1737 se
1443 1716 1483 1737 ea
1504 1717 1560 1738 res
1585 1707 1707 1746 habet,
1735 1706 1772 1755 id
1802 1708 1947 1755 quidem
1969 1721 2047 1744 con-

144 1756 234 1781 stare
257 1755 356 1791 puto,
376 1750 503 1781 verba:
538 1751 697 1781 Circulum
721 1752 766 1782 ad
786 1752 914 1781 boream
939 1761 1011 1781 esse
1035 1748 1197 1787 delenda,
1220 1747 1364 1790 qulbus,
1386 1756 1498 1793 quum
1514 1757 1638 1777 verum
1653 1747 1790 1790 descrip
1911 1750 2046 1782 'uitium

142 1787 222 1831 post
237 1789 290 1823 46.
313 1802 379 1822 vss.
404 1796 492 1822 esset
512 1789 700 1829 reiectum,
724 1796 883 1822 truncata
897 1791 1066 1822 sententia
1079 1789 1123 1820 ali
1152 1800 1199 1819 uo
1213 1787 1318 1819 modo
1334 1787 1602 1818 resarcnebatur.
1639 1788 1706 1819 Cui
1716 1787 1770 1819 fra
1798 1788 1833 1820 di
1846 1790 1956 1822 exime

947 1831 978 1862 ia
1001 1836 1107 1861 v'erae
1145 1829 1288 1860 actionis
1311 1829 1347 1858 in
1371 1826 1568 1859 adulterino
1596 1838 1770 1869 quaerere
1817 1841 1924 1872 quem
1951 1831 2042 1863 abie-

141 1829 258 1860 variae
281 1830 357 1861 viae
385 1837 478 1862 sunt.
520 1830 696 1861 Possimus
719 1831 812 1862 enim
837 1831 922 1862 vesti

923 1841 998 1910 dd.)
1030 1870 1133 1902 Unde
1158 1870 1276 1900 facias:
1305 1868 1665 1900 circulus-nascentem
1693 1880 1769 1901 mun
1792 1881 1845 1902 um
1892 1870 2041 1903 Per-meat

141 1870 266 1901 cimus:
293 1871 637 1911 Permeaffartofiloca
663 1870 738 1910 (sic.
761 1871 854 1902 enim
880 1882 920 1902 co

140 1922 180 1942 ac
190 1903 326 1952 filfffu'
353 1915 456 1941 entem
475 1912 612 1942 sustinet
634 1916 758 1943 arcton.
804 1912 1027 1954 (Saepissime
1053 1911 1148 1942 Man.
1174 1909 1390 1955 circulor-um
1416 1908 1526 1954 lineas
1583 1909 1610 1939 is
1634 1909 1832 1955 adsimilat).
1881 1912 1927 1943 Ut
1952 1912 2039 1942 dicat

139 1951 259 1982 circuli
283 1960 321 1982 ra
348 1951 421 1981 ium
442 1960 461 1980 a
483 1952 568 1992 polo
593 1952 637 1982 ad
661 1952 835 1984 finitorem
861 1952 1051 1994 pertinere,
1077 1949 1391 1982 circnmferenuam
1403 1948 1484 1979 duci
1500 1959 1540 1979 su
1579 1948 1731 1990 pedibus
1744 1951 1864 1983 Ursae.
1894 1953 2037 1990 Verum,

136 2001 339 2033 quanquam
363 1990 484 2022 circuli
507 1992 658 2022 ambitus
679 1992 740 2031 illo
762 2004 835 2024 uno
854 1993 1030 2024 nominato
1051 1991 1164 2022 sidere
1187 1990 1264 2021 satis
1289 1989 1433 2020 indicari
1457 1988 1607 2028 videtur,
1629 2000 1701 2021 non
1724 1996 1839 2023 tamen
1856 1991 1882 2022 is
1903 1991 2035 2039 Manilii

134 2042 208 2063 mos
229 2038 288 2072 est,
311 2031 373 2074 qui
395 2040 631 2073 quaecunque
654 2032 680 2063 si
705 2042 749 2063 na
772 2038 976 2075 tanguntur,
997 2031 1121 2063 ordine
1142 2035 1315 2061 numerat.
1365 2030 1512 2076 Quapro
1541 2035 1594 2060 ter
1621 2030 1767 2062 similius
1796 2031 1869 2062 veri
1902 2037 1968 2069 est,
1995 2042 2034 2064 ιιι

133 2082 199 2102 vss.
218 2083 276 2104 sex
294 2073 350 2104 vel
368 2078 500 2114 septem
523 2071 713 2113 deperditis
732 2073 835 2104 huius
858 2073 958 2105 etiam
981 2070 1222 2114 descriptionis
1243 2076 1379 2114 partem
1397 2080 1470 2103 esse
1489 2079 1509 2101 a
1536 2070 1637 2102 latam
1645 2081 1656 2111 ς
1689 2077 1727 2102 ut
1748 2081 1838 2102 unus
1858 2071 2036 2112 tribuatur

134 2111 236 2153 signis
267 2111 420 2152 diurnis,
455 2112 526 2143 duo
552 2112 688 2143 Eudoxi
719 2113 900 2153 gradihus,
930 2120 999 2144 tres
1027 2112 1084 2143 vel
1113 2119 1269 2154 quatuor
1299 2112 1430 2143 circulo
1457 2111 1598 2143 arctico.
1626 2129 1666 2135 —
1714 2111 1828 2142 Pauca
1855 2111 2032 2145 adiiciam:

131 2150 310 2196 Rentleius
331 2162 390 2183 sex
410 2164 532 2184 versus
554 2163 632 2184 cum
653 2152 746 2187 5392«,
768 2152 848 2184 hinc
872 2159 1004 2184 amotos
1027 2158 1107 2195 post
1127 2163 1178 2183 ve.
1199 2152 1273 2187 274.
1299 2151 1491 2183 collocavit.
1538 2152 1577 2182 111
1604 2156 1717 2182 nostra
1738 2160 1907 2191 versuum
1929 2152 2032 2185 dinu-

131 2193 275 2224 meratio
304 2203 377 2224 non
401 2194 549 2234 patitur,
570 2194 864 2236 probabiturque‚
893 2205 1005 2237 quum
1027 2193 1071 2225 ad
1093 2204 1153 2225 eos
1174 2193 1457 2237 pervenerimus,
1480 2192 1627 2239 nullam,
1658 2200 1722 2229 cur
1742 2195 2031 2235 transponantur,

128 2233 248 2264 adesse
273 2242 422 2264 causam.
453 2234 617 2276 Denique
641 2234 873 2266 interversus
897 2234 1057 2266 confusos
1080 2235 1283 2276 superiores
1307 2234 1376 2274 (88)
1401 2240 1435 2265 et
1454 2234 1515 2263 hos
1531 2232 1587 2262 alu
1609 2237 1782 2263 mtersunt
1799 2243 1874 2265 non
1898 2234 2027 2266 turbati

124 2273 176 2307 88.
198 2273 299 2307 Unde
313 2279 470 2315 apparet,
481 2272 563 2304 folia
575 2275 680 2307 fuisse
693 2285 765 2306 non
778 2281 903 2317 quater
914 2275 1099 2317 plicatavel
1114 2275 1265 2317 saepius,
1277 2274 1337 2306 sed
1349 2273 1524 2320 duplicata
1536 2271 1662 2303 omnia.
1725 2272 1799 2303 uod
1812 2273 1840 2305 si
1854 2274 1891 2306 in
1903 2282 2026 2315 magna

130 2315 193 2345 hac
220 2314 387 2346 foliorum
418 2313 530 2345 forma
557 2315 672 2347 viceni
703 2321 837 2348 tantum
865 2315 940 2348 bini
966 2326 1087 2348 versus
1110 2316 1248 2365 paginis
1276 2319 1373 2347 erant
1399 2311 1570 2355 inscripti,
1596 2322 1674 2360 ’non
1694 2313 1934 2362 ’nmprobahile
1962 2320 2026 2352 est,

128 2358 203 2385 eod.
232 2355 334 2386 istum
355 2354 460 2386 fuisse
486 2354 595 2385 literis
618 2363 794 2387 exaratum
823 2357 1010 2399 quadratis.
1054 2356 1119 2389 Cui
1140 2357 1193 2389 rei
1217 2357 1244 2389 si
1266 2355 1331 2387 alia
1348 2353 1513 2386 accedent
1531 2358 1737 2394 testimonla,
1755 2363 1875 2395 magna
1889 2354 2023 2387 inventi

126 2392 192 2439 erit
222 2393 264 2466 qd
293 2405 431 2427 errores
459 2392 657 2427 eximendos
685 2395 830 2438 utilitas,
854 2398 918 2440 qui
941 2397 1105 2441 plerique
1129 2407 1171 2430 ex
1202 2398 1382 2429 literarum
1413 2393 1577 2426 ductibus
1603 2404 1678 2427 non
1707 2396 1831 2427 acriter
1857 2395 2024 2439 inspectis

123 2441 229 2465 orlun
245 2445 298 2466 ur.
320 2452 363 2461 ·-—
1399 2464 1402 2466 Α
