2295 2824
0 522 2 543 *⁷⁴
0 302 14 514 -”-*.v3-1*4

976 64 1039 74 —-
1136 40 1353 86 11.—

217 178 344 227 glecta
366 170 433 209 vel
465 170 565 208 male
604 169 796 207 occultata
829 176 870 207 et
890 149 1066 210 rimula,
1092 169 1130 219 ¹).
1192 166 1404 221 Postquam
1425 171 1534 210 'vero
1570 166 1746 223 Scaliger
1787 170 1966 218 accessit,
2001 170 2119 211 Gem-'

179 253 184 257 ·
215 233 390 271 blacensi
414 232 577 280 adiutus,
601 240 683 269 tum
703 232 872 268 Bentleii
887 232 1084 282 sagacitas,
1108 245 1247 283 magna
1261 245 1352 280 pars
1365 233 1614 280 macularum,
1641 241 1681 272 et
1695 246 1796 285 quae
1816 234 1974 285 singulis
1987 236 2119 274 verbis

217 292 260 334 et'
281 308 380 347 quae
406 295 479 333 toti
504 293 666 332 orationi
691 294 839 331 inustae
866 301 993 341 erant,
1031 303 1210 345 exempta
1244 301 1312 331 est.
1363 295 1421 331 Ac
1451 293 1618 333 fortasse
1643 296 1759 333 nimia
1785 295 1826 333 id
1851 295 2009 347 quidem
2031 296 2116 333 dili-

215 354 366 408 gentia.'
408 356 525 412 Quod
548 356 758 406 pmecipue
787 356 836 392 de
861 356 1035 394 versibus
1062 357 1270 407 suppositis
1297 355 1428 393 valere
1458 357 1596 394 dicam.
1649 358 1892 415 Quamquam
1927 358 2032 396 enim
2057 357 2116 395 in·

214 420 364 457 solitam
401 430 536 455 eorum
573 428 657 454 esse
688 416 946 467 frequentiam
979 420 1113 470 negari
1152 431 1229 456 non
1258 426 1405 468 potest,
1444 419 1499 467 (in
1531 419 1730 457 didacticis
1756 420 1859 457 enim
1884 419 2117 458 carminibus

201 480 391 519 ‘crebrior
416 491 531 531 quam
556 490 719 529 usquam
758 479 1058 529 interpretandi,
1109 480 1353 518 adscribendi
1380 482 1603 530 argumenti,
1628 481 1959 532 excerpendarum
1982 494 2118 520 rerum

212 542 531 587 memorabilium,
556 540 722 591 denique
747 542 963 592 glossarum
987 543 1141 580 occasio
1167 543 1361 591 offertur),
1388 550 1429 579 et
1453 556 1683 594 quamquam
1702 541 1802 582 mira
1823 545 2029 595 sagacitate
2044 556 2115 583 eos

211 601 454 654 investigavit
477 601 690 650 Bentleius,
714 610 841 640 tamen
868 610 908 640 et
931 615 1078 654 paucos
1107 604 1222 642 etiam
1245 616 1347 641 nunc
1361 604 1504 653 latere,
1543 613 1581 642 et
1607 606 1704 643 iusto
1727 607 1861 657 plures
1888 605 2113 654 innocentes

212 681 296 708 esse
320 665 572 716 proscriptos,
597 666 783 715 exemplis
809 666 1005 717 deinceps,
1021 668 1053 704 si
1066 676 1245 718 potuero,
1270 667 1434 705 docebo.
1473 668 1619 705 Causae
1645 680 1740 706 vero
1765 667 1879 705 huius
1897 666 2114 706 severitatis

211 724 411 768 censoriae
438 736 477 765 et
499 728 536 765 in
562 728 775 777 interprete
811 730 1055 778 quaerendae
1080 738 1167 768 sunt
1190 738 1229 767 et
1253 730 1292 767 in
1307 730 1450 766 Manilii
1465 730 1632 779 ingenio.
1676 731 1898 771 Humanum
1919 725 1980 767 est
1998 729 2115 775 enim,

209 792 242 830 si
265 790 463 842 perpetuis
479 789 730 828 *obluctantes
757 790 1048 828 difficultatibus
1080 792 1273 830 interdum
1307 792 1381 841 ipsi
1417 791 1527 828 nobis
1553 799 1692 841 sponte
1723 803 1844 829 novas
1870 792 1976 842 quasi
2009 792 2114 829 exci-

210 863 355 902 tamus,
381 866 494 904 quas,
521 854 554 890 si
579 853 806 903 incorrupto
832 854 978 890 iudicio
1009 854 1227 903 adissemus,
1249 854 1472 893 videremus
1496 866 1579 891 esse
1603 854 1740 891 nullas.
1793 853 1911 911 Quod
1936 854 2050 892 etiam
2073 854 2113 890 in

206 918 437 966 interpretes
464 915 617 964 cadere,
641 916 681 952 in
706 915 943 954 difficillimis
967 916 1220 966 praesertim,
1258 916 1383 967 qualis
1408 916 1584 953 Manilius
1617 924 1694 962 est,
1727 924 1925 954 versantes
1950 917 2113 966 scripto-

208 978 340 1026 ribus,
377 978 553 1015 naturale
593 984 663 1014 est.
727 980 789 1015 De
829 980 969 1025 ingenio
1010 987 1139 1015 autem
1164 978 1309 1014 Manilii
1335 979 1608 1027 praecepturis
1635 978 1747 1015 nobis
1771 990 1835 1015 res
1857 980 1974 1028 paulo
1997 979 2112 1016 altius

205 1041 359 1078 videtur
385 1052 468 1077 esse
494 1041 716 1088 repetenda.
767 1043 864 1077 Nam
890 1041 1026 1089 poe'sin
1051 1054 1073 1077 a
1097 1041 1300 1089 Romanis,
1331 1053 1408 1078 non
1445 1040 1550 1092 quod
1587 1053 1672 1078 eam
1702 1048 1841 1078 natura
1867 1052 2048 1079 moresve
2072 1047 2112 1077 et

204 1100 406 1153 disciplina
430 1101 656 1150 invitarent,
685 1114 768 1139 esse
794 1102 974 1149 accitam,
1001 1103 1070 1139 sed
1096 1103 1184 1153 quia
1209 1102 1273 1141 vel
1297 1103 1449 1138 luxuria
1473 1103 1572 1138 hanc
1593 1114 1748 1153 quoque
1776 1110 1899 1138 artem
1927 1103 2110 1148 admun-

205 1165 383 1202 ditiarum
409 1164 689 1213 supellectilem
713 1166 961 1215 requirebat,
995 1167 1059 1205 vel
1084 1164 1305 1215 respublica
1337 1165 1386 1202 ad
1411 1178 1499 1203 suos
1516 1178 1607 1202 usus
1620 1165 1831 1216 laudesque
1846 1164 2109 1202 traducturam

207 1239 249 1265 se
274 1227 380 1264 illam
406 1226 607 1276 sperabat,
632 1238 746 1264 nemo
775 1235 850 1275 est,
882 1228 948 1279 qui
973 1228 1137 1278 ignoret.
1191 1228 1320 1285 Quare
1346 1240 1443 1274 non,
1478 1240 1577 1277 quae
1609 1227 1647 1263 in
1673 1239 1745 1263 suo
1770 1239 1916 1277 genere
1941 1227 2109 1263 maxime

207 1290 366 1339 egregia
383 1297 521 1336 essent,
535 1289 806 1337 suspiciebant,
821 1289 891 1326 sed
913 1302 1009 1340 quae
1030 1290 1095 1328 vel
1109 1291 1290 1327 latissime
1304 1290 1565 1338 splenderent,
1578 1289 1642 1327 vel
1667 1289 1769 1326 vitae
1784 1288 1978 1338 quandam
1996 1283 2109 1338 pr‘ae-

204 1342 351 1390 starent
374 1350 578 1388 utilitatem
595 1351 651 1400 ¹²).
709 1350 772 1387 Sic
798 1351 947 1387 minora
972 1353 1153 1400 poemata
1177 1351 1296 1400 lyrica
1335 1352 1399 1389 vel
1434 1351 1605 1401 elegiaca
1642 1350 1749 1386 lusus
1775 1359 1959 1388 vocantes
1982 1362 2108 1400 paene

203 1412 502 1450 contemnebant
512 1424 525 1457 3
561 1413 821 1458 Comoediam,
849 1413 1030 1458 Satiram,
1062 1412 1276 1460 Epistolam
1319 1425 1366 1447 an
1400 1414 1556 1447 omnino
1590 1412 1691 1447 inter
1719 1413 1872 1459 poetica
1897 1425 2018 1461 opera
2043 1424 2104 1449 re·

201 1473 369 1522 ferrent,
401 1482 444 1512 ut
480 1487 579 1525 quae
604 1487 682 1512 non
714 1487 852 1525 magna
884 1475 1094 1524 spirarent,
1131 1472 1372 1512 dubitabant.
1422 1472 1525 1507 Hinc
1550 1471 1628 1508 duo
1654 1471 1748 1509 vitia
1772 1479 1862 1507 sunt
1885 1465 2102 1509 consecuta.

199 1537 336 1588 Neque
363 1536 465 1573 enim
489 1536 528 1572 in
552 1536 706 1585 pulchri
726 1536 868 1573 iudicio
896 1544 1071 1573 naturam
1097 1534 1360 1585 sequebantur
1386 1533 1543 1579 ducem,
1582 1532 1653 1569 sed
1679 1532 1917 1581 exemplaria
1941 1533 2102 1580 Graeca,

199 1611 301 1647 mox,
324 1611 482 1636 suorum
504 1598 756 1635 admiratores
779 1598 883 1646 facti,
909 1610 1027 1648 opera
1053 1610 1121 1634 sua
1137 1609 1253 1633 manu
1267 1594 1495 1641 versabant3
1522 1594 1661 1632 deinde
1683 1607 1762 1632 non
1783 1595 1824 1631 id
1839 1595 1888 1631 ad
1903 1595 2009 1645 quod
2022 1595 2101 1631 nati
2161 1592 2164 1593 ⁷

200 1668 328 1708 erant,
365 1672 493 1710 quove
517 1660 715 1709 ingenium
739 1660 924 1706 vocabat,
959 1668 1156 1708 praestare
1182 1657 1382 1702 volebant,
1417 1657 1487 1693 sed
1512 1657 1618 1706 quod
1643 1657 1683 1693 in
1708 1669 1857 1694 summo
1884 1657 1989 1706 apud
2012 1669 2101 1694 suos

198 1723 325 1772 pretio
350 1721 584 1769 habebatur,
624 1722 791 1771 grande,
827 1722 1010 1768 sublime,
1047 1721 1241 1767 eximium,
1273 1718 1441 1768 denique
1472 1719 1591 1766 Epos.
1627 1718 1750 1767 Epica
1774 1718 1891 1769 igitur
1917 1718 2029 1768 posci
2053 1717 2101 1754 ab

198 1783 390 1834 Augusto,
418 1784 527 1834 epica
554 1783 734 1833 componi
760 1782 808 1818 ab
833 1783 877 1819 iis
904 1783 1098 1829 videmus,
1131 1782 1197 1832 qui
1223 1793 1321 1826 non,
1347 1779 1441 1829 quid
1464 1779 1619 1816 humeri
1641 1780 1837 1829 valerent,
1864 1780 2100 1829 spectabant,

197 1845 266 1882 sed
290 1847 386 1896 quid
410 1860 502 1884 usus
527 1845 720 1896 flagitaret
745 1854 784 1883 et
807 1845 1024 1895 principum
1047 1845 1277 1884 voluntates.
1332 1841 1449 1898 Quod
1475 1847 1684 1893 utrumque
1709 1854 1949 1894 magnopere
1974 1840 2100 1879 obfuit

192 1906 360 1944 Manilio.
409 1907 506 1943 Nam
533 1920 765 1958 quamquam
790 1920 869 1944 non
895 1907 994 1944 Solis
1020 1908 1202 1946 Lunaeve
1240 1904 1446 1954 splendore
1470 1905 1570 1942 inter
1597 1905 1748 1943 minora
1772 1906 2015 1957 ingeniorum
2042 1905 2083 1939 lu

191 1967 292 2004 mina
317 1965 460 2018 fulget,
483 1967 603 2006 habet
626 1977 754 2008 tamen
782 1970 896 2007 etiam
921 1970 1006 2016 ille,
1044 1982 1122 2020 quo
1148 1968 1332 2007 breviora
1354 1968 1512 2019 quidem
1539 1970 1680 2020 spatia,
1719 1971 1976 2020 conclusaque
2000 1973 2085 2004 arto

585 2059 2085 2080 w

338 2115 364 2152 ¹)
401 2114 429 2153 1,
449 2114 505 2150 95:
527 2118 559 2146 et
581 2114 708 2146 solitum
718 2114 821 2145 ventis
840 2112 1014 2149 concessit5
1038 2115 1183 2141 correct.
1196 2110 1347 2140 sonitum.
1372 2108 1445 2142 142:
1467 2109 1573 2148 sitque
1584 2109 1664 2138 haee
1677 2106 1835 2138 discordia
1855 2115 2005 2152 etymon.-
2018 2114 2093 2154 cor.

195 2161 337 2183 commn-
374 2153 460 2186 446:
503 2155 650 2196 exsurgit
678 2156 717 2186 de
739 2154 835 2194 ponti
854 2153 942 2189 noti3
969 2161 1041 2182 cor.
1067 2154 1176 2190 parte.
1203 2149 1280 2183 4¹78:
1322 2150 1391 2180 sine
1422 2150 1552 2180 nomina
1578 2148 1708 2183 stellae5
1752 2154 1821 2175 cor.
1854 2155 2091 2194 mne-upupae..

194 2192 364 2223 Perverse
385 2199 567 2226 mutantur
586 2196 618 2233 1,
648 2195 707 2228 140
733 2205 803 2225 cum
829 2204 888 2234 per
914 2202 949 2223 se
972 2195 1089 2222 cuncta
1114 2194 1283 2226 creentur-,-
1313 2191 1425 2229 (recte
1453 2187 1552 2219 codd.
1582 2186 1763 2223 creantur->3
1796 2190 1983 2215 accusativi
2006 2195 2044 2216 m
2064 2196 2094 2217 u

193 2231 249 2262 in:
270 2242 302 2264 es
309 2243 321 2269 ,·
343 2232 493 2282 Scorpios
514 2234 570 2265 in:
589 2236 760 2276 Sem-pius,-
782 2235 827 2265 Sa
859 2233 948 2264 'ttari
972 2231 1027 2262 in:
1047 2231 1238 2272 Sagittiferi
1242 2241 1255 2267 ‚-
1276 2229 1337 2269 111,
1359 2229 1434 2262 131:
1479 2231 1614 2267 occupat
1634 2234 1753 2256 omnem
1776 2224 1955 2274 Gratqnap
1975 2230 2093 2257 cortem

193 2272 322 2304 dubiam
337 2277 528 2314 patruosque
547 2276 696 2314 timens,-
719 2285 792 2306 cor.
855 2278 996 2311 ntorum,
1027 2270 1087 2302 sed
1115 2269 1309 2300 debebant:
1337 2270 1539 2313 mator-ung,-
1575 2266 1617 2303 V,
1641 2264 1718 2299 295:
1745 2264 1899 2296 Hector-u
1927 2265 1979 2296 ulle
1993 2267 2091 2304 sucu

192 2322 273 2345 arcu
298 2314 425 2356 telaque
449 2316 598 2386 sffiavit.
629 2326 700 2348 cor.
728 2326 824 2348 arcus
855 2319 887 2347 et
912 2314 997 2352 τοῖα,-
1036 2309 1228 2343 debebant:
1260 2310 1403 2351 teloque,
1437 2307 1654 2339 Relictorum
1684 2303 1898 2337 mendornun
1931 2305 2090 2347 exempla

187 2353 314 2392 passim
335 2364 470 2387 memor
516 2361 636 2386 untur.

185 2463 264 2496 Lm.
285 2431 375 2510 μὶ),
394 2429 515 2513 aggae
535 2429 691 2464 breviter
712 2430 891 2482 hic-erant
910 2428 1096 2474 tangenda,
1119 2428 1242 2463 eximie
1273 2425 1432 2472 exposuit
1454 2424 1661 2484 Bernhardy
1690 2423 1876 2461 Grundrirs
1897 2423 1963 2478 dcl}
1984 2424 2086 2458 Rom·
