2295 2824
978 99 1354 143 —18—.-

209 206 275 257 qui
298 207 393 258 quid
419 205 570 258 deceat,
594 209 685 261 quid
709 219 800 255 non,
818 208 939 245 unice
965 208 1094 251 docet.
1141 210 1208 258 IV,
1232 209 1326 250 1822
1345 222 1479 260 pacare
1502 221 1602 250 metu
1622 215 1751 259 silva-33
1790 218 1815 254 i.
1835 230 1869 258 e.
1889 220 2113 275 formidine,

205 283 284 323 qua
308 271 350 311 in
374 274 473 311 retia
503 272 609 310 ferae
628 269 938 321 compelluntur3
975 272 1016 311 in
1042 287 1119 326 quo
1145 283 1272 313 tamen
1303 274 1483 325 exemplo
1520 276 1687 325 praeivit
1725 278 1929 323 Gratiana·
1965 294 2005 325 et
2027 286 2111 337 ipse

204 333 449 384 peregrinus,
475 333 550 370 nisi
571 333 707 381 fallor,
731 333 896 382 Siculus,
915 335 1057 387 Cyneg.
1070 337 1143 376 85:
1171 339 1248 375 Hic
1266 339 1387 385 magis
1401 340 1439 374 in
1458 350 1580 376 cervos
1599 340 1709 378 valuit
1732 353 1905 389 metus3
1928 356 1967 386 et
1979 362 2017 388 v.
2033 347 2110 388 ὅδε

206 396 241 434 εἰ
264 408 335 445 qua
357 406 525 437 ηιειιιε,
543 399 661 439 eludat
685 399 799 436 bellua
820 399 961 449 falsos.
1014 400 1174 439 Secutus
1207 409 1416 452 utrumque
1454 400 1669 439 Nemesian.
1708 402 1850 457 Cyneg.
1876 406 1974 447 3042
2011 412 2115 449 volu-

207 466 347 508 cre-sque
373 466 493 511 metu
509 460 735 507 praecludere
764 462 937 508 praedas.
972 461 1037 498 Sic
1063 461 1278 511 linguarum
1304 460 1399 497 fines
1424 461 1679 510 proferuntur
1704 465 1818 502 etiam
1843 480 1917 516 per
1943 477 2109 509 exteros,

205 517 234 564 l,
257 517 327 557 82:
353 518 559 559 Seducta
581 525 617 559 in
643 525 760 560 varias
785 534 881 562 artes
899 535 1062 574 pectora.
1100 524 1281 562 Debebat
1306 523 1477 561 scribere
1503 525 1672 570 diductag
1710 529 1908 567 seducimus
1933 544 1955 568 a
1982 541 2110 582 coetu,

204 579 404 619 diducimus
435 582 474 619 in
497 591 628 633 partes
666 584 840 623 diversas
854 599 866 634 3
899 594 941 623 ut
964 587 1181 634 Daedalus,
1216 585 1330 624 Ovid.
1353 587 1444 622 Met.
1467 585 1568 631 VIII,
1594 587 1691 625 118:
1730 592 1847 628 varias
1870 594 2031 631 animum
2055 597 2109 632 di-

203 644 315 700 mittit
340 645 376 680 in
400 653 504 692 artes,
529 644 643 696 Virg.
667 645 765 683 Aen.
792 646 842 694 V,
867 647 953 686 ¹720:
981 650 1018 685 in
1040 661 1144 685 curas
1162 650 1312 698 ¹animus
1337 650 1531 691 diducitur,·
1566 657 1700 687 contra
1722 654 1838 691 sidera
1863 656 2004 694 seducto
2030 667 2109 704 reg-

203 716 291 744 nant
314 707 479 748 sublimia
503 708 616 754 caelo,
626 709 751 745 Lucil.
766 711 877 746 Aetn.
902 709 963 748 34.
1003 710 1082 746 Sed
1104 709 1269 748 fortasse
1286 710 1436 747 librarii
1456 717 1648 759 errarunt,
1672 725 1750 749 non
1764 716 1959 766 Manilius3
1986 707 2034 755 ci'.
2058 717 2110 755 de

204 768 344 806 crebro
371 768 412 805 in
436 769 499 807 his
523 771 656 809 verbis
682 773 793 821 lapsu
819 770 1070 808 librariorum
1097 773 1268 810 Gronov.
1308 771 1357 809 ad
1394 771 1529 809 Senec.
1571 773 1725 811 Consol.
1761 776 1875 815 Helv.
1914 790 1947 814 c.
1973 777 2032 817 16.
2057 797 2108 808 ·-—

211 829 325 867 Tueri
354 831 379 868 i.
407 843 442 869 e.
458 845 607 870 -curam
631 845 769 884 gerere
795 832 955 869 alicuius
986 833 1149 882 (liberos
1186 833 1309 881 tueri)
1337 841 1561 882 usurpatum
1587 841 1663 878 est3
1699 835 1874 874 Manilius
1899 850 1995 876 vero
2022 853 2109 878 eum

201 904 314 930 usum
351 892 391 930 in
427 907 678 943 synonymum
703 906 783 931 non
809 902 918 932 recte
944 894 1250 943 transtulit‚.1V,
1283 896 1379 934 707:
1420 896 1600 945 Crat-aque
1632 897 1838 947 defendit
1867 899 2024 939 Juvenis.
2056 920 2108 931 --

202 955 267 993 sic
287 957 408 994 ‘etiam
433 965 552 993 totum
578 963 618 993 et
645 968 753 993 omne
779 955 881 1000 inter
906 967 948 992 se
973 955 1026 993 ita
1052 955 1358 1004 confunduntur,
1382 964 1427 993 ut
1452 969 1500 994 eo
1528 970 1626 996 aevo
1654 971 1675 995 a
1700 959 1853 996 nemine
1880 960 2026 999 factum
2051 963 2109 1002 vi-

201 1018 316 1066 deas3
342 1031 463 1055 unum
489 1017 710 1067 exemplum
736 1030 838 1054 nunc
865 1017 1037 1064 afferam,
1063 1016 1129 1063 IV,
1154 1016 1253 1056 739:
1284 1018 1470 1065 Cinnam,
1506 1033 1579 1058 non
1611 1024 1739 1059 totis
1756 1025 1900 1071 passim
1924 1027 2108 1063 nascentia

200 1081 392 1128 campis,
417 1080 442 1116 i.
468 1091 500 1115 e.
526 1091 603 1114 non
630 1079 785 1128 ubique.
813 1077 862 1115 cf,
889 1078 1011 1116 Orell.
1039 1078 1088 1114 ad
1111 1079 1269 1129 Pervig.
1296 1081 1394 1120 Ven.
1413 1093 1451 1129 p.
1464 1081 1553 1129 225,
1579 1096 1617 1121 v.
1644 1084 1707 1123 22.
1742 1085 1804 1120 Ex
1820 1084 1956 1122 eadem
1981 1097 2108 1134 causa,

200 1155 277 1194 qua
301 1140 501 1193 peregrini
526 1153 606 1177 non
632 1139 790 1190 ubique,
818 1140 912 1191 quid
939 1153 1027 1178 usus
1055 1140 1181 1188 ferat,
1207 1151 1369 1191 possunt
1395 1144 1548 1191 sentire,
1576 1146 1645 1183 sed
1670 1146 1856 1195 scribunt,
1892 1147 1996 1198 quod
2006 1148 2104 1196 ratio

199 1204 273 1242 dici
296 1214 412 1253 posse
438 1201 696 1251 persuadeat3
724 1202 883 1239 audacia
910 1202 1024 1240 etiam
1051 1202 1239 1253 quaedam
1262 1205 1452 1243 enascitur
1472 1208 1667 1255 orationis,
1692 1221 1770 1246 non
1794 1210 1972 1247 consulto
1992 1221 2107 1261 quae·

198 1267 282 1314 sita,
304 1276 433 1317 neque
460 1263 545 1300 usui
570 1274 801 1313 congruens.
853 1265 943 1299 Huc
968 1276 1046 1301 non
1070 1276 1196 1313 pauca
1222 1266 1398 1315 exempla
1425 1268 1565 1305 referri
1585 1277 1744 1318 possunt
1760 1283 1879 1320 supra
1902 1271 2108 1322 adscripta,

198 1327 340 1379 quibus
365 1327 464 1363 haec
490 1325 686 1374 adiungo:
722 1326 752 1369 I,
778 1324 873 1362 403:
915 1323 1152 1373 Subsequitur
1185 1328 1309 1374 rapido
1345 1337 1510 1365 contenta
1541 1329 1709 1366 Canicula
1747 1343 1877 1373 cursu;
1921 1331 2007 1382 Qua
2032 1331 2105 1368 nul-

198 1390 274 1426 lum
300 1390 403 1426 terris
428 1388 615 1425 violentius
640 1387 780 1422 advenit
805 1394 956 1433 astrum,
986 1387 1062 1423 Nec
1084 1389 1232 1433 gravius
1257 1389 1368 1430 cedit,·
1393 1401 1546 1437 namque
1570 1392 1715 1427 horrida
1724 1392 1870 1438 frigore
1894 1394 2024 1438 saevit,
2046 1393 2107 1430 Ae

198 1463 350 1489 vacuam
373 1449 462 1487 solis
476 1449 683 1500 fulgentem
707 1449 834 1485 deserit
860 1449 982 1485 orbem
1008 1448 1047 1497 ⁸).
1095 1449 1173 1506 Qui
1197 1450 1308 1487 locus
1335 1464 1452 1500 quum
1477 1451 1615 1488 miram
1640 1452 1797 1502 Virgilii
1820 1454 2106 1493 similitudinem

318 1589 346 1627 θ)
369 1584 548 1629 Adscripsi
568 1585 690 1617 locum
710 1585 829 1617 multis
853 1585 1054 1617 nominibus
1076 1582 1284 1627 impeditum
1307 1594 1349 1616 ex
1370 1583 1526 1617 salmasii
1551 1585 1659 1626 (Plin.
1683 1585 1846 1618 Exercitt.
1867 1597 1903 1630 p.
1919 1587 1995 1628 308)
2012 1599 2102 1622 mea-

223 1639 269 1661 ue
292 1626 539 1665 emendatione
562 1632 779 1665 correctum3
812 1625 944 1666 (Coddz
971 1637 1073 1666 neque
1096 1626 1229 1657 horrida
1251 1642 1294 1649 ·—
1316 1626 1409 1657 Haec
1433 1628 1601 1667 vacuum).
1645 1626 1715 1658 Sed
1739 1627 1862 1658 omissa
1886 1628 1949 1660 hac
1973 1629 2103 1673 disqui-

194 1669 320 1702 sitione
344 1668 474 1707 critica,
495 1666 531 1698 id
554 1677 651 1698 nunc
675 1676 816 1709 agamus
837 1666 967 1708 potius,
996 1672 1036 1697 ut
1061 1675 1167 1708 quam
1197 1671 1325 1697 attenta
1351 1666 1456 1697 animi
1486 1667 1576 1698 acies
1601 1667 1638 1698 in
1656 1676 1777 1698 omnes
1800 1674 1915 1710 partes
1936 1671 2105 1704 vertenda

194 1711 238 1742 sit
260 1709 362 1741 etiam
387 1708 607 1746 minutiores,
630 1709 700 1739 hoc
725 1707 889 1748 exemplo
914 1712 1161 1738 monstremus.
1203 1707 1291 1737 Nam
1314 1707 1350 1737 in
1374 1706 1475 1738 codd.
1502 1718 1672 1738 versuum
1702 1708 1746 1739 de
1776 1708 1905 1750 quibus
1935 1715 2104 1744 tractatur

195 1749 286 1782 ordo
307 1750 354 1781 ita
373 1748 537 1781 turbatus
559 1754 620 1788 est,
645 1753 685 1778 ut
708 1753 789 1790 post
811 1757 859 1778 vs.
884 1746 963 1781 361:
997 1748 1053 1786 (ex
1073 1747 1170 1778 sivnt'li
1188 1747 1319 1778 dictum.
1337 1748 1479 1788 Cepheus
1491 1752 1524 1778 et
1536 1748 1721 1788 Cassiepia)
1748 1757 1820 1790 quo
1835 1748 1945 1790 Ceph.
1961 1756 1995 1782 et
2010 1751 2102 1784 Cass.

196 1786 434 1858 ἆςξοθεσῖω
454 1800 606 1833 describi
628 1806 753 1843 coepta
780 1806 840 1840 est,
864 1810 1033 1843 perverse
1062 1805 1233 1843 sequatur
1260 1798 1305 1831 ad
1333 1799 1537 1832 Caniculam
1565 1799 1773 1832 referendus
1799 1811 1850 1833 vs.
1877 1801 1955 1836 405:
1993 1803 2104 1843 (Haeo

192 1861 330 1882 eamn
350 1851 437 1882 Solio
459 1852 541 1890 eto.)
562 1850 667 1882 simul
692 1861 772 1881 cum
802 1850 969 1891 proximis
996 1849 1126 1887 XL1V3
1151 1850 1174 1879 i.
1194 1859 1225 1881 e.
1248 1850 1292 1881 ad
1325 1861 1376 1882 vs.
1401 1851 1473 1886 449.
1515 1851 1599 1882 Post
1628 1853 1690 1881 hos
1712 1849 1856 1882 demum
1883 1851 2043 1892 pergitur
2064 1852 2102 1883 in

195 1892 289 1925 Cass.
311 1891 552 1934 descriptione
568 1902 619 1923 vs.
640 1891 719 1926 362:
745 1891 803 1932 (ln
819 1900 945 1932 poenas
965 1889 1101 1931 signata
1121 1900 1198 1921 mas
1221 1891 1306 1932 etc.)
1338 1889 1452 1924 donec
1475 1902 1556 1923 eum
1574 1901 1625 1922 vs.
1650 1890 1730 1925 404:
1760 1891 1848 1931 (Nec
1860 1892 1997 1933 gravius
2017 1894 2103 1926 cedit

195 1933 283 1973 etc.)
305 1931 350 1963 ad
373 1932 551 1964 caniculae
573 1932 686 1964 deseri
714 1931 848 1963 tionem
869 1930 1018 1962 reditur.
1062 1930 1161 1977 Quae
1184 1931 1326 1978 quidem
1351 1932 1546 1964 carminum
1570 1931 1793 1964 conturbatio
1816 1938 1884 1963 tam
1903 1939 2023 1975 aperta
2041 1940 2103 1974 est,

194 1978 235 2004 ut
258 1981 386 2014 neque<
400 1972 566 2014 Scaligeri
588 1977 806 2015 sagacntatem
829 1971 1003 2013 effugere,
1030 1981 1073 2002 ne
1101 1981 1147 2002 ue
1170 1981 1245 2002 elus
1267 1973 1438 2004 correctio
1466 1982 1486 2002 a
1508 1980 1691 2020 quoquam
1719 1972 1764 2002 im
1794 1972 1911 2003 robari
1935 1974 2103 2015 potuerit.

192 2014 267 2057 Ego
289 2022 387 2054 vero,
410 2022 522 2056 quum
546 2023 768 2056 quaererem,
792 2011 889 2044 unde
913 2014 1000 2043 haec
1022 2021 1086 2042 con
1103 2010 1179 2044 usio
1205 2018 1322 2049 exorta
1344 2019 1443 2054 esset,
1464 2013 1566 2045 facile
1589 2023 1625 2043 in
1650 2012 1686 2043 id
1713 2012 1756 2044 de
1783 2012 1932 2052 ucebar,
1958 2018 1999 2044 ut
2019 2013 2102 2045 solia

193 2053 367 2096 quaedam
390 2064 556 2096 perverse
575 2054 788 2096 complicata
810 2063 883 2085 esse
934 2058 1082 2084 utar-em.
1129 2052 1243 2095 quue
1266 2063 1310 2084 an
1333 2061 1429 2086 recte
1451 2054 1646 2086 iudicarem
1664 2053 1700 2084 in
1728 2053 1906 2093 uisitur-us,
1930 2053 2104 2095 octoginta

194 2100 273 2127 octo
295 2094 441 2126 omnino
472 2093 625 2125 carmina
650 2094 803 2134 turbari,
833 2102 903 2137 qua
929 2092 1062 2132 raginta
1089 2099 1206 2124 autem
1241 2099 1274 2124 et
1306 2099 1461 2136 quatuor
1488 2099 1568 2137 post
1598 2103 1711 2136 aequa
1728 2104 1783 2125 em
1811 2103 2001 2124 numerum
2028 2104 2102 2125 non

193 2141 288 2167 recte
316 2135 448 2168 reiecta
475 2144 550 2167 esse
577 2133 751 2167 videbam.
801 2134 906 2168 Unde
937 2128 1172 2174 efficiebatur,
1201 2139 1241 2165 ut
1267 2133 1303 2165 in
1332 2144 1551 2179 unaquaque
1579 2133 1656 2166 cod.
1681 2134 1768 2175 eius,
1794 2132 1891 2164 unde
1913 2133 2021 2166 nostri
2042 2133 2101 2167 de—

194 2175 312 2218 scripti
333 2182 426 2216 sunt,
448 2175 577 2225 pagina
598 2175 713 2207 viceni
736 2175 811 2207 bini
836 2185 961 2207 versus
985 2180 1097 2206 essent
1128 2174 1336 2217 conseripti3
1377 2176 1475 2218 quod
1502 2175 1530 2207 si
1561 2176 1622 2207 hos
1647 2185 1771 2207 versus
1795 2174 1838 2206 22
1890 2180 2016 2205 uatuor
2050 2175 2101 2207 in·

194 2217 374 2258 scripseris
387 2226 524 2259 paginis
558 2225 599 2247 ac
610 2225 777 2258 perverse
790 2215 1053 2259 complicaveris
1065 2215 1157 2255 folia,
1179 2221 1218 2247 ut
1230 2216 1329 2258 prius
1350 2216 1526 2258 posterius
1545 2216 1616 2257 fiat,
1636 2225 1718 2247 eum
1740 2214 1855 2256 ipsum
1902 2213 2022 2246 ahebis
2047 2225 2102 2247 or-

194 2256 326 2296 dinem,
346 2268 454 2298 quem
477 2267 518 2289 co
546 2256 616 2288 ices
641 2256 796 2288 offerunt
818 2266 1044 2299 perversum3
1070 2257 1134 2288 rite
1158 2266 1234 2287 com
1263 2256 1348 2288 osita
1370 2268 1496 2289 verum
1517 2267 1639 2288 rerum
1662 2261 1821 2286 tenorem
1845 2255 2099 2287 monstrabunt.

193 2296 301 2344 Quod
323 2306 436 2337 quum
457 2307 524 2339 per
545 2307 583 2329 se
604 2295 801 2327 iucundum
816 2297 866 2335 ,sit
884 2295 1073 2334 invenisse,
1094 2303 1169 2327 mm
1191 2302 1242 2327 uti
1260 2307 1279 2328 e
1298 2296 1376 2328 fuit.
1422 2297 1510 2328 Nam
1537 2296 1694 2338 primum
1714 2295 1736 2325 ii
1753 2305 1885 2335 versus,
1908 2305 1997 2338 quos
2010 2295 2102 2324 intra

194 2338 256 2370 hos
273 2337 315 2373 88
335 2337 477 2380 spurios
503 2337 668 2370 indicavit
685 2337 881 2378 Bentleius,
907 2339 995 2379 (non
1021 2338 1113 2378 ego),
1134 2336 1178 2368 ad
1200 2337 1332 2369 iustum
1356 2347 1548 2370 numerum
1574 2341 1656 2367 sunt
1679 2335 1870 2376 retinendi3
1898 2334 1993 2367 unde
2019 2343 2098 2365 con-

191 2379 372 2420 sequitur,
397 2374 469 2409 aut*
481 2388 553 2408 non
580 2388 654 2410 esse
680 2378 837 2419 spurios,
864 2384 926 2409 aut
953 2377 1259 2417 interpolationem
1288 2378 1333 2410 ad
1362 2377 1531 2410 remotius
1559 2376 1737 2408 saeculum
1765 2387 1839 2408 esse
1865 2373 2100 2414 referendam,

191 2426 300 2466 qgiam
321 2424 358 2452 et
378 2428 548 2450 versuum
568 2418 704 2452 indoles
728 2418 852 2450 suadet
877 2424 911 2450 et
932 2416 1079 2461 putabat
1099 2418 1288 2450 Bentleius.
1332 2418 1440 2461 Atqui
1464 2417 1492 2448 si
1514 2416 1596 2448 inde
1618 2426 1638 2448 a
1658 2427 1708 2448 vs.
1730 2417 1788 2451 361
1822 2416 1866 2446 ad
1896 2413 1992 2444 initia
2015 2414 2097 2447 libri

190 2457 299 2502 primi
324 2465 519 2492 retrorsum
546 2458 684 2500 redeas,
716 2459 925 2503 paginarum
950 2458 1123 2491 rationem
1145 2467 1164 2490 a
1187 2458 1290 2491 nobis
1320 2458 1498 2491 inventam
1519 2457 1619 2490 nullo
1641 2456 1747 2490 modo
1775 2453 2100 2498 constare-videbis,

191 2499 258 2531 nisi
288 2508 411 2531 versus
443 2499 539 2531 haud
561 2505 694 2541 paucos
722 2510 803 2532 cum
829 2499 991 2531 Bentleio
1021 2504 1187 2540 tanquam
1212 2511 1254 2531 su
1283 2500 1413 2541 positos
1441 2498 1619 2531 exemeris.
1662 2498 1766 2531 Unde
1794 2505 1918 2526 rursus
1940 2495 2101 2537 efficitur,

192 2544 232 2573 ut
252 2545 315 2573 aut
336 2540 514 2573 Benueius
535 2540 572 2572 in
594 2538 740 2583 singulis
763 2540 943 2580 erraverit,
967 2544 1029 2571 aut
1052 2544 1091 2572 ut
1109 2538 1250 2584 interpo
1266 2540 1400 2573 stiones
1422 2549 1494 2573 non
1511 2549 1633 2572 omnen
1656 2537 1781 2572 eodem
1799 2544 1888 2568 aevo
1902 2534 2018 2569 illatae
2032 2537 2103 2568 sint
