2295 2824
950 90 1013 100 .-
1108 62 1168 109 15
1263 87 1327 96 —
1564 94 1588 102 a

186 188 362 242 qnod‘ex
379 179 774 235 ingenti:fabularum
796 177 895 217 orbe
915 177 1202 218 Andromedam
1226 177 1490 229 potissimum,
1512 189 1636 228 >quam
1662 184 1888 225 exornaret,
1921 177 1993 216 sibi
2021 177 2088 216 de-

182 250 306 300 legit„
341 246 420 284 Sed
446 243 661 283 accuratius
685 242 950 292 haec'inquiri
977 241 1131 289 debent,
1158 253 1275 292 quam
1300 241 1425 278 adhuc
1450 240 1541 279 feci.
1593 242 1777 279 Ceterum
1802 241 1976 279 similiter
1989 240 2086 278 iudi-

182 315 291 348 casse
319 308 516 355 Huetium,
538 317 586 344 ex
611 305 763 343 Fabric-
786 304 886 342 Bibl.
904 305 987 342 Lat.
1008 316 1114 341 nunc
1128 303 1255 342 video.
1279 304 1362 340 ⁷121.
1375 317 1413 353 p.
1430 303 1525 342 501:
1553 304 1716 341 Huetius
1734 304 2085 355 Carthaginiensem

181 371 300 410 fuisse
325 369 510 421 putabat,
542 368 675 406 nescio
703 367 844 418 quibus
867 366 1124 417 argumentis,
1157 373 1201 403 ut
1237 364 1401 403 traditur
1434 366 1473 402 in
1498 364 1693 403 Memoriis
1719 364 1891 404 Trevolt.
1917 377 1950 401 a.
1976 362 2086 403 1709.

132 452 134 454 ·
182 447 220 484 p.
246 433 356 473 1426.
368 448 388 470 «
447 433 630 469 Ceterum
654 437 889 481 argumenta,
915 429 1053 480 quibus
1074 428 1220 466 Manilii
1244 427 1561 478 peregrinitatem
1587 436 1831 477 coargueret,
1852 427 1958 465 nulla
1968 428 2086 465 Bent-

181 496 277 533 leius
304 494 465 540 addidit3
503 492 613 543 quod
638 504 741 529 nunc
765 491 859 527 mihi
883 499 927 529 ut
951 491 1090 528 faciam
1115 490 1293 527 relictum
1318 501 1405 527 esse
1430 490 1592 528 videtur.
1655 491 1698 527 In
1725 502 1804 540 quo
1831 502 1909 526 non
1932 490 2087 540 ignoro,

183 569 298 608 quam
324 556 488 593 arduum
512 554 711 604 negotium
735 554 905 591 subeam.
934 554 1082 608 Quotus
1108 552 1210 606 enim
1240 553 1406 603 quisque
1425 560 1494 599 est,
1520 554 1597 603 qui,
1622 561 1666 591 ut
1691 553 1788 591 alios
1812 560 1982 600 taceam,
2018 550 2084 591 vel

179 619 247 655 Fr.
269 620 373 665 Aug.
399 614 553 655 Wolfio
588 623 756 666 quatuor
789 616 879 652 istas
902 616 1096 653 orationes
1124 615 1299 652 Tulliano
1324 614 1482 665 ingenio
1508 615 1681 664 indignas
1708 628 1794 653 esse
1822 612 2091 651 concesserit?

177 681 329 721 ‚Verum
352 677 403 715 ob
429 676 533 715 hunc
556 677 761 727 pudorem,
783 689 873 725 non,
900 689 1001 728 quae
1027 689 1120 716 vera
1142 675 1340 722 videntur,
1366 676 1520 713 silentio
1545 677 1756 726 premenda
1782 676 1962 714 arbitror.
2013 676 2085 711 Ita-

180 752 257 792 que
282 741 380 777 haec
404 739 519 779 habe.
568 739 683 776 Nulla
708 738 926 790 linguarum
950 753 1040 789 pars
1074 752 1202 790 neque
1236 739 1285 776 ad
1311 738 1542 789 elegantiam
1567 738 1726 789 gravior
1748 752 1873 790 neque
1899 739 1948 777 ad
1974 750 2087 776 usum

180 801 380 840 difficilior
405 810 482 851 est,
519 814 635 853 quam
653 814 729 851 qua
751 814 825 853 per
847 801 1055 851 particulas
1080 799 1248 838 vincitur
1273 799 1406 836 oratio.
1448 799 1529 837 Iam
1553 799 1649 836 mihi
1670 798 1774 847 vide,
1798 811 1912 849 quam
1934 798 1982 835 ab
2007 798 2084 836 hac

176 872 288 913 parte
314 864 451 900 debilis
477 865 526 900 sit
551 864 736 899 Manilius.
787 864 891 899 Dum
917 863 1019 898 enim
1042 873 1251 911 paucarum
1275 862 1326 909 (si
1348 861 1389 909 ²),
1414 863 1534 907 donec,
1560 863 1697 910 quod),
1723 874 1767 899 se
1790 874 1885 912 gyro
1912 861 2083 909 includit,

179 925 275 962 alias
312 925 555 975 maximeque
584 932 787 973 usurpatas
813 924 938 974 poetis
971 924 1010 959 in
1037 923 1251 959 orationem
1288 923 1434 960 inferre
1459 935 1537 960 non
1571 924 1706 972 potuit.
1754 923 1887 964 Veluti
1911 925 2084 972 quoniam

176 986 274 1023 locis
297 986 342 1035 5,
382 988 543 1035 quamvis
565 985 592 1024 4
621 986 687 1024 vel
718 985 762 1032 5,
793 995 990 1034 postquam
1014 984 1051 1031 4,
1078 985 1186 1021 simul
1211 985 1428 1032 (simulac)
1461 984 1499 1032 4,
1526 984 1590 1036 (et
1624 984 1732 1035 quod
1759 986 1904 1022 nescias
1928 985 2083 1028 mirone

177 1059 269 1085 casu
293 1062 340 1085 an
368 1048 527 1085 consilio
554 1048 739 1085 accidisse
767 1048 882 1096 dicas,
907 1047 1049 1098 ubique
1075 1046 1201 1093 addita
1228 1046 1420 1096 particula
1448 1046 1522 1092 At,
1555 1046 1611 1083 At
1634 1047 1773 1096 simul)
1806 1048 2022 1095 priusquam
2046 1045 2084 1095 33

175 1111 303 1159 quippe
328 1111 364 1159 3,
388 1120 579 1160 antequam
604 1111 649 1156 1,
686 1119 724 1147 ut
749 1111 942 1158 temporale
968 1110 1010 1158 1,
1044 1110 1187 1158 quando
1223 1109 1332 1146 nullo
1363 1110 1453 1146 loco
1480 1108 1684 1146 invenitur.
1738 1109 1864 1161 Quum
1889 1120 1986 1147 vero
2014 1108 2080 1156 (si-

176 1173 350 1223 quidem)
375 1180 534 1223 praeter
560 1172 877 1210 consuetudinem
901 1184 1017 1222 saepe
1042 1184 1130 1210 cum
1144 1170 1358 1210 indicativo
1372 1171 1568 1222 coniungit
1576 1184 1588 1218 3
1628 1171 1655 1217 I,
1682 1170 1778 1210 1392
1814 1172 2082 1219 Prohibentque

176 1238 305 1283 requiri
340 1238 447 1274 Ultra
472 1250 510 1274 se
533 1239 742 1285 quicquam,
776 1249 886 1285 quum
901 1249 969 1284 per
995 1248 1033 1272 se
1056 1245 1183 1275 cuncta
1209 1243 1383 1271 creantur.
1425 1233 1474 1270 cf.
1499 1235 1535 1281 I,
1556 1233 1642 1279 742,
1672 1232 1758 1271 854.
1795 1234 1848 1279 ΙΙ,
1882 1233 1979 1279 201,
2003 1231 2083 1271 485

175 1297 236 1343 111,
261 1298 349 1336 281·
384 1300 459 1346 IV,
492 1298 579 1346 334,
603 1298 680 1337 515
704 1306 744 1335 et
769 1298 931 1346 saepius.
982 1297 1207 1347 Eademque
1234 1294 1394 1333 infantia
1419 1295 1459 1331 in
1484 1294 1614 1334 verbis
1638 1295 1775 1332 iisdem
1801 1293 1943 1332 crebro
1967 1303 2006 1332 et
2031 1294 2080 1331 ad

295 1450 323 1488 2)
344 1449 386 1479 In
409 1448 513 1479 huius
536 1458 622 1480 vero
644 1449 837 1491 particulae
862 1460 928 1479 usu
950 1458 1022 1479 non
1043 1453 1138 1479 recte
1162 1457 1181 1478 a
1202 1447 1313 1493 Bpntl.
1340 1449 1521 1491 castigatur
1542 1450 1569 1489 Ι,
1589 1449 1665 1483 357:
1692 1451 1833 1490 Cepheus
1854 1455 1886 1482 et
1910 1450 2077 1493 Cassiepia

175 1492 225 1522 1n'
231 1500 356 1530 poenas
382 1490 517 1530 signata
542 1500 620 1521 suas
652 1491 805 1530 iustaque
830 1491 974 1520 relictam
992 1490 1227 1520 Andromedam
1258 1493 1368 1521 vastos
1395 1494 1584 1521 metuentem
1603 1491 1702 1531 piscis
1724 1492 1855 1529 hiatus,
1883 1492 2074 1532 Expositum

198 1534 273 1561 anto
294 1531 399 1569 deflet,
422 1530 620 1575 scopulisque
642 1530 828 1567 revinctam,
858 1531 903 1560 Ni
923 1535 1060 1571 veterem
1079 1529 1217 1559 Perseus
1244 1530 1332 1559 caelo
1353 1541 1477 1569 quoque
1497 1536 1601 1561 servet
1624 1542 1764 1562 amorem
1783 1532 1963 1572 auxilioque
1974 1534 2070 1564 iuvet.

169 1541 245 1603 {Jbi
267 1569 382 1601 Bentl.
403 1569 547 1610 »Destet‚
572 1569 704 1611 inquit,
725 1575 836 1601 mater
857 1569 962 1600 filiam
981 1573 1171 1600 metuentem
1223 1567 1297 1600 iscis
1322 1569 1448 1608 hiatus3
1478 1571 1514 1600 ni
1535 1570 1674 1602 Perseus
1693 1575 1799 1602 servet
1824 1582 1973 1602 amorem.
2016 1573 2071 1604 At-

200 1610 236 1641 ui
258 1610 285 1641 si
306 1620 393 1641 nunc
412 1611 536 1647 metuit,
556 1609 684 1640 frustra
706 1610 856 1641 infertur
875 1611 927 1649 ni;
957 1609 1055 1651 quod
1074 1615 1122 1640 est
1131 1621 1194 1650 pro
1222 1610 1330 1641 'beatis
1342 1614 1492 1641 metuere.
1526 1610 1689 1642 Deterius
1702 1617 1763 1650 est,
1813 1612 1883 1642 uod
1895 1613 2072 1654 sequitur:

173 1620 278 1681 deflet
299 1660 316 1681 e
361 1651 586 1689 ositamponto
611 1655 644 1681 et
664 1652 839 1681 revinctam
859 1651 1008 1690 scopulis,
1028 1651 1064 1680 ni
1083 1651 1222 1680 Perseus
1245 1651 1365 1681 auxilio
1389 1651 1486 1681 iuvet.
1529 1651 1594 1681 Hic
1615 1662 1699 1682 vero
1723 1652 1789 1682 illu
1834 1653 1871 1682 ni
1890 1654 1957 1683 hoc
1980 1653 2015 1683 in
2036 1663 2072 1685 se

171 1689 294 1720 habet:
343 1689 511 1720 ibex-atam
539 1699 612 1720 esse
635 1690 671 1720 in
694 1690 789 1721 caelo
811 1690 1087 1729 Andromedam,
1122 1695 1156 1720 et
1176 1691 1328 1727 scopulis
1346 1689 1505 1720 solutam.
1548 1691 1727 1731 Scopulis,
1756 1691 1888 1732 inquit,
1917 1693 2073 1725 revincta

174 1747 278 1782 esset,
298 1742 334 1772 ni
358 1742 508 1773 Perseus
530 1742 698 1774 auxilium
722 1743 864 1774 tulisset.
909 1742 1016 1784 Atqui
1044 1742 1080 1772 in
1121 1728 1354 1793 α’ςξοθεσίᾳ
1365 1741 1515 1783 ‘semper
1540 1742 1576 1773 in
1600 1743 1722 1775 iisdem
1745 1743 1869 1775 vinclis
1890 1745 2014 1777 mansit
2039 1751 2073 1777 et

172 1791 344 1824 manebit!
351 1804 367 1822 ι
388 1791 524 1822 Deinde
547 1792 700 1832 corrigit:
722 1794 924 1823 Andromede
943 1795 1066 1822 metuat
1088 1806 1151 1828 -,
1178 1792 1214 1821 ni
1233 1793 1371 1823 Perseus
1391 1793 1488 1830 iuvet,
1519 1793 1721 1834 proscripto
1740 1805 1797 1825 vs:
1826 1798 2014 1837 Expositum
2029 1814 2071 1822 .-

172 1832 357 1863 revinctam.
390 1831 512 1873 Itaque
535 1837 640 1862 totam
665 1831 765 1864 nohis
784 1831 932 1873 figuram
955 1830 1124 1862 sideream
1146 1829 1341 1872 Cassiepiae
1364 1831 1504 1873 eripuit,
1526 1839 1566 1864 ut
1584 1833 1836 1867 Grammaticae
1860 1838 2068 1869 consuleret.

173 1870 280 1918 Quod
303 1876 419 1902 tamen
441 1877 576 1903 tantum
598 1872 705 1911 abest,
726 1878 765 1903 ut
785 1872 918 1912 fecerit,
939 1878 979 1903 ut
999 1870 1223 1902 rectissimam
1245 1870 1440 1903 orationem
1467 1873 1567 1905 nobis
1589 1874 1782 1907 abstulerit.
1826 1877 1913 1908 Nam
1933 1877 2067 1909 Andro-

171 1911 274 1942 meda
300 1912 431 1948 metuit‚-
471 1921 553 1953 ergo
582 1922 698 1953 neque
729 1918 850 1944 metuat
880 1922 998 1954 neque
1025 1912 1317 1953 metuerit,neque
1349 1914 1522 1945 metuisset.
1570 1915 1638 1945 Res
1667 1923 1784 1947 autem
1812 1917 1857 1948 ita
1885 1928 1921 1949 se
1952 1918 2065 1949 habet.

170 1951 319 1984 Romani
342 1961 454 1993 quum
475 1962 551 1983 rem
570 1952 724 1995 aliquam
746 1953 803 1984 vel
823 1953 899 1984 fieri
924 1953 980 1984 vel
1002 1951 1123 1983 factam
1149 1960 1221 1982 esse
1243 1958 1398 1992 narrant,
1427 1954 1471 1984 ita
1499 1960 1538 1986 ut
1563 1955 1778 1988 adversativa
1800 1964 1967 2000 sequatur
1986 1967 2063 1999 par-

171 1992 295 2033 ticula,
319 1991 496 2023 interdum
526 2004 597 2024 non
622 2004 688 2035 per
714 1995 772 2026 sed
796 1993 1044 2025 adversativam
1073 1990 1265 2024 orationem
1290 1993 1509 2035 continuant,
1542 1995 1603 2027 sed
1630 2006 1696 2039 per
1721 1999 1752 2030 si
1774 1999 1831 2030 vel
1857 1999 1926 2030 nisi.
1950 1996 2065 2041 (quod

171 2032 265 2066 idem
292 2033 444 2066 Graecos
460 2032 601 2071 facere,
629 2034 706 2064 satis
732 2041 854 2065 notum
878 2036 956 2073 est).
999 2033 1089 2064 Huic
1113 2032 1319 2074 particulae,
1344 2034 1371 2065 si
1420 2036 1610 2068 raecedens
1631 2039 1742 2071 oratio
1765 2039 1800 2069 in
1823 2038 1957 2080 imperf.
1981 2049 2063 2080 pro-

201 2073 331 2112 onitur,
354 2072 487 2103 addunt
508 2072 721 2114 plerumque
746 2074 836 2104 coni.
892 2075 994 2115 lusq.,
1020 2073 1119 2103 velut
1142 2071 1237 2119 Virg.
1260 2075 1348 2105 Aen.
1371 2044 1463 2114 Vqll,
1480 2077 1563 2110 522:
1594 2079 1761 2119 Multaque
1774 2080 2062 2119 darm-putabant,

204 2112 217 2142 i
234 2114 365 2153 signum
386 2114 473 2144 caelo
486 2114 642 2154 Cytherea
666 2115 814 2144 dedisset.
876 2113 911 2144 bi
929 2112 1092 2144 haerebat
1105 2112 1277 2153 Heynnus5
1300 2116 1469 2147 sententia
1483 2123 1547 2148 est:
1571 2117 1620 2148 illi
1635 2118 1929 2159 trepidabant,sed
1940 2119 2064 2152 Venus

171 2161 231 2183 eos
252 2154 386 2183 ostento
410 2153 527 2184 erexit.
572 2155 616 2184 At
637 2153 672 2183 in
694 2163 733 2184 re
755 2153 935 2195 praesenti
954 2153 1055 2184 etiam
1076 2153 1237 2194 apodosis
1258 2164 1326 2196 per
1347 2157 1410 2187 nisi
1430 2157 1571 2188 inducta
1618 2168 1753 2189 raesens
1771 2159 1925 2190 assumit.
1961 2159 2063 2203 Virg.

168 2192 258 2223 Aen.
280 2192 355 2239 xil,
376 2192 433 2225 73:
475 2195 521 2225 At
541 2195 685 2241 perfidus
706 2195 788 2225 ensis
810 2196 894 2234 fran
925 2194 1004 2239 ftar,
1031 2210 1073 2217 —-
1103 2194 1150 2225 Ni
1161 2196 1255 2236 suga
1275 2196 1417 2228 subsidio
1437 2199 1547 2230 subsit.
1613 2199 1679 2229 nsis
1699 2208 1782 2229 vere
1803 2197 1882 2230 fran
1915 2201 1923 2208 '
1937 2211 1997 2239 ur,
2029 2207 2063 2232 et

168 2236 252 2264 esset
267 2232 546 2279 '1⁸31nterflectus,
570 2245 634 2264 nisi
656 2244 691 2265 se
713 2235 794 2276 fuga
816 2205 1048 2271 subfixa-isset,-
1068 2234 1141 2264 vel:
1168 2235 1259 2266 ensis
1279 2235 1459 2283 frangitur,
1480 2240 1542 2269 sed
1550 2239 1587 2268 T.
1603 2238 1683 2279 fuga
1697 2249 1732 2269 se
1752 2239 1868 2282 eripit.
1911 2246 1944 2271 ta
1982 2242 2060 2272 lane

171 2272 345 2315 Cassiepia
372 2275 514 2310 metuit,
542 2276 580 2306 ni
606 2275 756 2307 Perseus
783 2275 887 2314 iuvet,
914 2274 936 2305 i.
962 2285 992 2306 e.
1014 2275 1073 2306 sed
1091 2273 1130 2305 P.
1154 2274 1259 2307 iuvat.
1302 2277 1437 2308 Deinde
1464 2278 1607 2308 liberius
1634 2279 1830 2311 orationem
1861 2286 1955 2312 strue
1982 2286 2059 2320 ant3

195 2324 281 2346 uum
293 2313 385 2346 enim
397 2314 433 2345 ni
445 2327 474 2342 =
495 2315 554 2345 sed
570 2316 671 2357 sequi
688 2322 767 2359 post
780 2316 935 2359 protasin
951 2315 1085 2354 debeat,
1101 2314 1277 2348 interdum
1294 2318 1330 2349 in
1345 2317 1492 2349 mediam
1511 2318 1577 2350 iam
1590 2319 1746 2362 protasin
1771 2321 1938 2353 inserunt.
1960 2320 2059 2364 Virg-

203 2363 298 2396 eorg.
326 2355 385 2393 IV,
411 2354 484 2387 455.
518 2355 682 2395 Orpheus,
709 2359 746 2389 ni
761 2360 842 2398 fata
863 2358 1025 2396 resistant,
1047 2357 1184 2388 suscitat
1202 2359 1291 2391 haec.
1338 2358 1406 2390 Ubi
1423 2358 1524 2389 simul
1547 2360 1660 2400 vides,
1694 2361 1796 2393 etiam
1823 2364 1858 2393 in
1888 2361 2059 2401 oratione,

168 2401 239 2434 qua
260 2405 334 2426 non
359 2394 456 2437 quod
474 2393 604 2425 sactum
629 2402 679 2426 est
701 2397 899 2438 exponitur,
922 2397 984 2429 sed
1032 2396 1104 2428 uod
1124 2397 1200 2429 fieri
1221 2403 1370 2440 poterat,
1392 2408 1458 2440 per
1479 2399 1551 2432 ind.
1573 2411 1688 2443 praes.
1717 2403 1830 2434 efferri
1836 2412 1848 2441 ς
1885 2411 1967 2433 nam
1991 2402 2057 2435 Or·

166 2432 280 2473 pheus
305 2445 377 2466 non
409 2435 599 2473 suscitavit,
620 2434 683 2467 sed
714 2436 954 2469 suscitavisset.
1002 2407 1119 2470 finnus
1147 2448 1185 2469 er
1209 2448 1229 2469 ο
1258 2439 1293 2469 in
1321 2441 1384 2469 hae
1406 2446 1504 2481 parte
1526 2440 1646 2483 lingua
1667 2443 1732 2474 sibi
1757 2448 1888 2475 constat
1909 2443 2057 2483 ratione,

167 2480 272 2512 quam
296 2475 515 2515 grammatica
536 2474 776 2509 membrorum
797 2482 972 2511 structura
977 2489 989 2520 3
1018 2483 1057 2510 ut
1077 2477 1166 2511 Aen.
1187 2448 1247 2520 ZJI,
1267 2480 1324 2516 29:
1354 2480 1496 2522 Corripit
1513 2483 1640 2519 Aeneas
1655 2486 1783 2526 serrum
1804 2488 1837 2517 et
1852 2501 1893 2510 ·-
1906 2485 1942 2517 ιιι·
1954 2494 2056 2517 comes
