2295 2824
967 92 1344 142 -rzss-e

187 208 308 249 'Gn-at.
328 206 480 261 Cyneg.
504 205 553 256 63
591 205 697 256 Cort.
721 203 771 241 ad
795 201 939 242 Lucan.
965 201 1016 251 V,
1038 202 1154 251 483„
1178 202 1310 262 Quare
1334 216 1423 242 cum
1447 203 1825 257 librisinterpolatis
1850 210 2106 263 omnes‘lege-

145 304 157 316 ,
201 280 296 313 runt
306 270 493 323 finemque
516 270 744 317 modumque.
793 267 881 304 Non
905 273 1040 315 recte3
1074 280 1164 306 nam
1187 266 1347 314 modum
1371 267 1614 318 imponimus,
1640 281 1760 320 quum
1781 282 1899 321 vagas
1924 273 2105 312 libidines

199 333 348 374 finibus
373 334 476 374 veris
508 330 740 370 includimus
754 357 766 378 ‚
795 328 872 366 illa
903 341 1003 369 vero
1038 330 1195 368 solertia
1220 338 1377 367 cunctas
1398 342 1462 368 res
1485 329 1694 368 insatiabili
1720 332 1929 381 cupiditate
1951 336 2109 384 petebat

205 395 431 436 noscendas.
454 394 590 445 Itaque
615 401 725 430 recte
754 390 885 428 Bentl.
916 392 1085 432 restituit
1115 404 1357 440 manumque3
1383 392 1452 429 sed
1490 404 1562 429 cur
1592 392 1645 429 ita
1673 392 1849 431 scribere
1879 395 2007 444 liceat,
2028 409 2110 437 non

208 459 359 506 adiecit.
383 486 385 488 -
411 457 495 496 Per
527 449 567 495 ἓν
591 443 657 496 3¹02
676 444 775 494 δυοῖν
798 453 894 491 dixit
902 454 1087 504 finemque
1100 467 1328 503 manumque,
1353 455 1377 491 i.
1392 467 1425 491 e.
1451 454 1625 492 ultimam
1644 468 1807 493 manum.
1834 457 1913 494 Sed
1935 459 2026 509 quia
2041 460 2108 497 ali-

206 531 268 561 ter
293 519 479 559 dicebant
490 517 609 569 finem
633 517 832 565 imponere,
853 517 965 554 aliter
983 520 1161 567 imponere
1185 530 1345 565 manum,
1371 526 1409 555 et
1433 525 1641 568 utrumque
1668 517 1812 555 dudum
1822 520 1944 569 *quasi
1965 521 2013 557 in
2028 519 2109 558 for-

204 583 352 621 mulam
369 582 531 627 abierat,
551 577 768 629 nem0‚,qui
779 587 883 616 esset
901 580 1108 627 Romanus,
1120 581 1172 617 ita
1183 579 1291 632 loqui
1302 580 1438 630 potuit,
1451 587 1493 616 ut
1505 578 1600 616 facit
1610 581 1710 616 Man.
1725 601 1776 608 —
1797 581 1840 626 11,
1849 581 1941 619 581:
1966 583 2110 621 Idcirco

206 646 296 685 nihil
331 658 378 684 ex
402 652 511 683 semet
535 651 667 681 natura
692 643 823 679 creavit
847 641 1003 688 Pectore
1027 644 1206 679 amicitiae
1238 644 1368 680 maius.
1413 638 1588 678 Amtaam
1616 650 1743 689 pectus
1776 643 1888 680 multi
1921 643 2112 692 dixerunt,

208 706 265 746 cf:
286 708 331 745 N.
356 705 494 745 Heius.
521 703 571 741 ad
586 702 714 756 ΑΟνὶᾶ.
739 704 820 741 Art.
843 704 928 740 Am.
955 703 984 749 1,
1009 703 1114 750 585;
1150 705 1329 740 amicitiae
1345 712 1471 751 pectus
1496 703 1590 739 Stat.
1623 702 1718 740 silv.
1741 703 1807 750 lv,
1830 703 1877 750 4,
1914 705 2007 750 102,
2044 705 2113 742 ubi

207 769 298 808 vide
321 766 477 815 Markl„
501 774 541 805 et
564 765 628 803 alii
646 764 823 812 seriore-13
844 776 972 813 nemo,
997 766 1104 817 quod
1127 766 1245 804 sciam
1268 778 1386 803 creare
1403 774 1553 814 pectora
1575 765 1763 801 amicitiae.
1778 774 1964 810 naturam,·
1992 780 2113 817 quare

205 832 321 871 multi
343 829 596 868 multifariam
621 834 899 875 correxerunt,
935 827 1004 876 (cf.
1027 829 1157 866 Jever.
1184 828 1234 865 ad
1258 829 1402 864 Lucan.
1427 828 1490 874 111,
1514 825 1620 875 406.)
1655 838 1734 863 non
1754 838 1855 876 ego3
1894 830 2114 878 complures

207 892 326 940 enim,
350 900 393 931 ut
416 886 544 941 saepe,
568 889 712 940 figuras
739 890 936 938 cumulat3
964 892 1154 928 sententia
1180 900 1259 929 est:
1292 900 1432 929 natura
1459 893 1603 928 amicos
1629 890 1729 928 fidos
1755 902 1897 940 paucos
1920 899 2115 940 procreat.

206 954 359 992 Eodem
384 952 559 1005 pectoris
584 951 741 990 nomine
772 950 951 988 licentius
976 952 1094 990 utitur
1126 953 1174 1000 V,
1200 953 1278 992 530
1285 967 1298 1001 ς
1328 952 1400 989 sub
1431 951 1597 1003 geminis
1622 960 1752 990 natus:
1778 954 1879 990 dotes
1896 953 2008 990 saltus
2026 964 2116 991 cum

200 1027 347 1065 pectore
373 1018 501 1063 iungit.
550 1016 650 1052 Nam
677 1013 772 1050 dixit
796 1013 953 1062 quidem
979 1016 1117 1052 Horat.
1142 1016 1267 1064 Epist.
1293 1017 1322 1061 1,
1345 1014 1390 1053 4:
1421 1016 1512 1051 Non
1538 1024 1578 1051 tu
1602 1027 1734 1062 corpus
1760 1027 1840 1051 eras
1864 1015 1939 1049 sine
1957 1024 2116 1061 pectore,

208 1080 345 1118 sedin
372 1077 566 1123 antithesi3
590 1076 655 1112 hic
668 1074 819 1120 saltatio
846 1062 1048 1129 εὔρυθμος
1067 1078 1184 1128 (quae
1208 1085 1249 1115 et
1273 1077 1358 1127 ipsa
1376 1076 1475 1114 mire
1491 1076 1654 1113 dicitur:
1677 1076 1779 1112 dotes
1801 1074 1930 1125 saltus)
1953 1075 2018 1113 vix
2042 1076 2115 1113 sibi

208 1141 354 1193 opponi
378 1139 544 1189 simplex
567 1145 705 1188 pectus
730 1136 911 1186 patiatur.
962 1138 1033 1175 Cui
1059 1138 1237 1176 conferas
1261 1141 1307 1187 11,
1331 1137 1431 1178 666:
1470 1139 1550 1175 Nec
1581 1139 1707 1175 metuit
1730 1139 1806 1175 sine
1832 1150 1980 1187 corpore
2010 1151 2118 1187 quen-

207 1215 319 1252 quam
347 1200 548 1249 Scorpios:
588 1199 613 1235 i.
638 1211 672 1235 e.
709 1198 793 1235 sine
819 1199 896 1235 alio
923 1200 1052 1237 sidere
1083 1201 1147 1239 vel
1175 1201 1327 1238 comite.
1378 1202 1494 1257 Quod
1520 1200 1623 1239 unde
1648 1201 1942 1250 explicationem
1966 1201 2118 1247 habeat,

208 1263 300 1303 vide
325 1263 366 1300 in
389 1261 525 1314 Viger.
551 1260 599 1298 de
623 1259 734 1296 Idiot.
762 1259 830 1295 Gr.
856 1260 900 1296 L.
927 1261 998 1298 sub
1022 1274 1122 1301 voce
1147 1250 1353 1316 σώματος.
1406 1265 1489 1301 Nec
1524 1262 1713 1302 abhorret
1744 1263 1815 1312 111,
1849 1262 1943 1309 230,
1978 1262 2118 1314 quibus

209 1329 246 1364 in
276 1326 444 1363 Centauri
467 1335 616 1372 corpore
639 1334 720 1358 sors
744 1331 796 1359 est
825 1323 1030 1366 Nascendi3
1069 1339 1303 1377 quamquam
1325 1327 1391 1363 hic
1413 1326 1571 1376 quidem
1586 1337 1635 1361 ex
1651 1337 1760 1362 more
1773 1325 1912 1362 Latino
1926 1326 2119 1374 loquitur3

210 1387 306 1440 quid
327 1386 410 1425 loci
434 1385 589 1430 distent,
614 1393 678 1420 me
703 1382 917 1433 interprete
941 1396 1019 1422 non
1052 1393 1152 1436 eget.
1184 1387 1432 1425 Liberiorem
1465 1386 1514 1424 ad
1546 1399 1668 1437 gram.
1704 1386 1917 1424 orationem
1948 1386 2037 1424 vide
2074 1387 2121 1432 Π,

209 1449 306 1488 571:
342 1447 461 1494 Inque
487 1446 612 1481 odium
643 1453 793 1489 generat
809 1454 942 1492 partus
974 1455 1008 1481 et
1039 1456 1166 1483 mutua
1192 1449 1285 1484 velle.
1338 1448 1581 1504 Quamquam
1608 1447 1710 1483 enim
1735 1447 1911 1484 infinitivi
1936 1460 2009 1496 pro
2032 1448 2121 1484 sub·

211 1507 384 1551 stantivis
408 1507 651 1559 frequentes,
677 1518 754 1543 non
778 1513 908 1544 tamen
934 1515 979 1545 ut
1003 1521 1024 1544 a
1049 1509 1339 1559 praepositione
1364 1511 1400 1547 in
1425 1508 1638 1559 pendeant,
1674 1509 1738 1547 vel
1765 1518 2009 1559 opponantur
2032 1512 2121 1549 suh·
2144 1539 2153 1543 -

211 1571 390 1617 amative,
413 1577 459 1607 ut
479 1569 546 1606 hic
572 1570 698 1606 odium
723 1576 762 1604 et
786 1577 913 1605 mutua
938 1569 1033 1613 velle,
1058 1569 1083 1604 i.
1109 1581 1143 1605 e.
1170 1571 1304 1607 odium
1335 1578 1374 1607 et
1397 1570 1572 1606 amicitia.
1598 1571 1628 1614 1,
1649 1568 1742 1606 156:
1778 1569 1987 1617 fluctusque
2000 1582 2123 1609 natan—

212 1645 266 1674 tes
293 1646 452 1683 aequora
469 1628 640 1681 pErfudit,
666 1630 691 1667 i.
718 1641 751 1667 e.
777 1629 878 1668 fudit
900 1642 973 1680 per
999 1643 1178 1681 aequora.
1231 1631 1337 1689 Quid
1360 1632 1516 1669 omnino
1540 1630 1661 1669 verba
1682 1630 1829 1679 Latina,
1846 1632 1999 1682 quando
2012 1647 2123 1684 prae-

211 1687 425 1748 positiones
450 1693 525 1731 sibi
545 1692 763 1737 innectant,
796 1691 1010 1741 patiantur,
1046 1704 1119 1729 nec
1142 1693 1343 1731 brevitatis
1371 1694 1484 1730 huius
1521 1700 1580 1729 est
1605 1692 1772 1738 docere,
1810 1705 1936 1744 neque
1961 1698 2122 1735 consilii,

213 1759 291 1797 Hic
315 1769 441 1809 pauca
467 1756 516 1794 de
541 1765 675 1806 praep.
697 1766 766 1803 per
791 1753 925 1803 paucis
940 1754 1113 1805 tetigisse
1127 1754 1305 1794 sufficiat.
1346 1757 1442 1794 Cum
1468 1756 1542 1793 hac
1566 1767 1702 1805 praep.
1728 1754 1849 1793 verba
1872 1764 2020 1795 tantum
2035 1773 2125 1799 neu-

213 1827 275 1857 tra
300 1820 355 1856 ita
379 1819 601 1868 iunguntur,
624 1824 668 1852 ut
694 1816 777 1853 sive
803 1826 893 1851 cum
925 1815 1049 1853 verbo
1076 1817 1290 1865 copularis,
1325 1818 1407 1855 sive
1432 1816 1673 1854 substantivo
1699 1828 1770 1852 suo
1799 1822 2044 1870 apposueris,
2083 1825 2124 1862 in

215 1883 342 1922 forma
373 1881 560 1920 orationis
585 1878 680 1916 nihil
703 1884 894 1922 mutetur,
928 1887 967 1914 ut
996 1891 1199 1925 percurrere
1223 1881 1359 1924 maria,
1393 1892 1529 1916 currere
1560 1892 1626 1926 per
1652 1879 1781 1914 maria.
1839 1880 1986 1927 (Taceo
2010 1898 2125 1932 nunc,

210 1944 331 1994 perire
352 1943 507 1991 aliquem
532 1946 573 1977 et
598 1939 736 1976 similia
743 1951 757 1986 3
794 1937 836 1974 id
859 1944 1008 1974 tantum
1031 1950 1185 1986 moneo,
1208 1939 1310 1990 apud
1334 1941 1492 1978 Terent.
1543 1938 1719 1977 Eunuch.
1745 1939 1774 1988 1,
1788 1939 1825 1987 2,
1843 1940 1905 1989 25,
1930 1943 1998 1982 huc
2020 1956 2126 1997 atqua

219 2006 302 2044 illuc
320 2004 475 2055 perfluo,
497 2014 576 2042 non
601 2001 828 2041 mutandum
854 2000 981 2045 yideri
1007 2000 1066 2037 in:
1101 2003 1170 2039 huc
1194 2013 1300 2052 atque
1321 2004 1404 2040 illuc
1419 2004 1585 2052 perplua,
1608 2010 1652 2040 ut
1676 2003 1803 2040 Bentl.
1828 2007 1977 2054 statuit,
2004 2018 2126 2062 acute,

218 2073 264 2104 ut
286 2064 390 2116 solet
409 2063 637 2117 disputans.)
688 2062 769 2100 Sed
789 2062 829 2099 in
848 2060 986 2100 verbis
999 2062 1204 2101 transitivis
1225 2063 1439 2102 verborum
1455 2064 1520 2103 vel
1539 2063 1662 2102 rectio
1676 2065 1740 2103 vel
1762 2065 1821 2103 vis
1837 2069 2128 2118 praepositione

219 2135 400 2165 mutatur.
452 2127 573 2166 Velut
585 2127 796 2175 perfundere
821 2134 929 2173 caput
948 2126 1134 2171 unguentis
1154 2127 1186 2162 si
1205 2126 1329 2163 verbo
1349 2127 1514 2176 simplici
1536 2127 1668 2177 eloqui
1686 2127 1797 2174 velis,
1823 2127 1928 2164 dicas
1950 2134 2125 2179 oportet}

220 2189 368 2240 fundere
391 2188 575 2236 unguenta
594 2200 661 2238 per
684 2197 798 2247 caput.
839 2186 1033 2226 Pervidere
1057 2194 1184 2224 autem
1211 2188 1250 2227 vi
1275 2196 1418 2227 mutata
1444 2196 1504 2226 est
1527 2196 1708 2226 accurate
1733 2187 1855 2226 oculis
1880 2190 2130 2240 perlustrare.

224 2249 468 2307 Quamquam
498 2248 614 2286 huius
641 2244 759 2299 ipsius
788 2247 903 2288 verbi
929 2246 1095 2285 fortasse
1120 2251 1299 2301 exceptio
1325 2252 1429 2302 apud
1453 2253 1660 2290 Horatium
1684 2259 1760 2300 est,
1795 2253 1874 2292 Sat.
1907 2255 1943 2304 1,
1976 2254 2022 2303 3,
2054 2246 2125 2293 25:

229 2311 359 2364 Quum
391 2319 454 2348 tua
482 2312 668 2360 pervideas
702 2312 814 2349 oculis
835 2311 930 2349 male
967 2310 1081 2365 lippus
1112 2314 1274 2351 inunctis.
1333 2314 1409 2350 Ubi
1445 2327 1564 2364 quum
1588 2316 1769 2362 pervidere
1794 2329 1873 2353 non
1898 2317 2023 2366 possit
2043 2327 2128 2353 esse

227 2372 370 2411 acriter
391 2382 648 2422 percensere,
679 2372 791 2411 vario
817 2371 937 2411 modo
977 2372 1186 2425 corrigunt.
1238 2375 1319 2414 Sed
1344 2388 1423 2413 non
1447 2382 1589 2427 potest,
1614 2384 1656 2415 ut
1679 2377 1852 2428 videtur,
1888 2377 1967 2416 ulla
2002 2377 2129 2417 conie-

228 2446 345 2476 ctura—
360 2432 541 2482 inveniri,
567 2448 663 2485 quae
690 2436 836 2474 cunctis
862 2435 1029 2486 placeat,
1053 2436 1155 2474 unde
1179 2437 1228 2475 ab
1250 2439 1335 2488 ipso
1347 2439 1513 2477 Horatio
1538 2440 1687 2477 venisse
1711 2441 1819 2478 dicas
1843 2440 2021 2488 pervidere
2045 2441 2069 2478 i.
2095 2453 2128 2478 e.

229 2499 346 2539 oculo
371 2499 491 2538 celeri
523 2510 757 2551 percurrere
790 2500 894 2541 vitia.
943 2500 1010 2548 Ea>
1027 2498 1181 2551 quidem
1205 2502 1361 2540 licentia
1386 2514 1487 2540 nunc
1512 2502 1688 2541 Manilius
1713 2502 1853 2539 utitur:
1889 2513 2043 2552 aequora
2053 2516 2129 2553 per.
