2295 2824
939 95 1001 105 .-
1098 70 1157 115 19
1226 83 1315 103 ,-

160 187 454 236 mstrat,f(Aan.
473 187 522 233 V,
547 184 647 225 513:
681 185 780 223 Tum
803 185 1002 234 rapidus
1026 186 1101 223 ia'm
1125 187 1259 222 dudum
1283 198 1369 223 arcu
1393 193 1610 222 contenta
1627 193 1763 234 parato
1785 186 1873 223 Tela
1888 196 2064 225 tenens-

160 253 245 290 Jam
270 261 415 286 vacuo
441 249 574 286 laetam
594 249 724 286 caelo
749 248 949 297 speculatus
967 248 1058 297 etc.)
1092 255 1222 301 tamen
1249 240 1408 285 audacia
1432 247 1498 286 vix
1524 248 1740 286 excusanda
1757 248 1915 301 insignis
1942 251 2061 288 est-in

159 325 218 351 vs.
244 318 440 355 extremo,
479 310 585 351 cuius
610 310 708 347 haec
732 317 793 346 est
819 311 1023 348 sententia:
1065 310 1187 346 Sirius
1213 310 1392 348 occidens
1420 319 1460 348 et
1483 311 1632 360 pruinis
1657 320 1696 348 et
1721 312 1810 362 gelu
1836 325 1974 350 saevus
2004 324 2064 349 or·

161 375 251 411 bem
275 373 487 424 fulgentem
501 372 554 410 ita
576 371 731 420 deserit,
755 371 866 423 quasi
891 372 982 410 solis
1008 372 1057 410 sit
1078 383 1241 419 vacuus,
1268 372 1292 410 i.
1311 385 1344 411 e.
1362 373 1467 424 quasi
1492 373 1566 411 soli
1593 373 1701 411 calor
1721 375 1844 413 omnis
1861 381 2065 426 exemptus

161 437 238 483 sit3
266 434 370 486 quod
396 433 493 470 alius
515 433 680 470 fortasse
699 433 863 471 dixerit:
896 434 967 471 ceu
993 447 1144 471 vacuum
1168 436 1257 473 solis
1270 437 1475 486 fulgentem
1499 439 1637 474 deserat
1663 437 1796 475 orbem.
1847 437 1925 474 Sed
1947 450 2066 489 quan-

161 497 302 536 tumvis
328 495 450 534 facilis
476 495 574 532 baec
600 495 817 533 emendatio
843 496 1032 543 videatur,
1068 509 1147 534 non
1173 508 1261 536 eam
1286 498 1326 535 in
1352 499 1548 536 Manilium
1573 497 1721 536 inferre
1747 498 1920 537 audeam.
1972 500 2066 537 Huc

164 559 298 598 refero
334 559 379 605 II,
402 555 472 594 44:
498 566 585 608 nate
606 570 671 606 per
694 559 819 595 herbas
834 559 944 610 fata,
969 558 993 594 i.
1020 570 1054 595 e.
1078 567 1246 597 mortem
1271 568 1413 598 natam.
1438 561 1505 609 IV,
1530 560 1622 599 185:
1667 560 1765 598 Sunt
1787 573 1943 608 quorum
1966 563 2066 598 sirni-

164 624 215 661 les
239 623 381 659 animos
406 631 468 657 nec
493 622 636 657 moenia
654 621 820 672 frenent,
860 621 935 659 Sed
955 623 1132 670 pecudum
1157 624 1194 660 in
1219 624 1387 662 membris
1416 624 1536 661 media
1571 632 1778 670 grassentur
1803 625 1840 661 in
1865 624 1972 669 urbe,
2010 623 2067 663 Et

164 686 299 722 laceros
323 690 423 719 artus
451 683 666 730 suspendant
680 684 809 733 fronte
842 685 1024 732 tabernae,
1055 686 1312 735 Luxuriaeque
1335 696 1465 735 parent
1489 687 1633 723 caedem
1654 695 1855 735 mortesque
1880 687 2067 723 lucrentur·

165 745 242 783 Ubi
270 744 539 783 animadvertis
577 745 745 795 primum
781 747 969 784 laxiorem
996 748 1235 796 orationem,
1275 760 1351 798 qua
1375 748 1415 784 in
1439 760 1495 786 vs.
1523 747 1695 785 secundo
1727 749 1981 786 nominativus
2007 749 2070 797 qui

167 814 299 843 mente
327 807 524 844 addendus
550 808 747 845 omittitur.
785 809 981 845 Postremi
1007 818 1136 847 autem
1161 822 1298 848 versus
1324 810 1430 847 varie
1457 810 1505 846 ab
1522 809 1801 860 interpretibus
1823 808 1952 847 vexati
1968 810 2068 847 haec

167 877 226 907 est
250 870 460 907 sententia:
494 868 664 906 Caedem
689 881 880 919 pecorum
905 883 984 908 non
1009 879 1202 923 quaerunt
1228 871 1280 909 ob
1309 871 1421 907 aliam
1449 884 1622 920 causam,
1649 872 1718 910 sed
1743 871 1796 909 ob
1821 884 1937 909 unam
1960 870 2069 908 luxu·

162 930 264 971 riam
288 931 312 966 i.
339 943 372 967 e.
399 930 515 967 animi
542 942 667 978 causa,
693 932 784 982 quia
811 933 930 970 caede
955 934 1135 984 gaudent,
1170 947 1299 987 neque
1324 935 1429 972 aliud
1454 936 1605 972 lucrum
1631 942 1836 985 expetunt,
1868 934 1942 971 nisi
1963 946 2069 974 mon-

164 1001 245 1030 tem
270 992 410 1030 belluis
435 992 612 1029 illatam.-
644 994 885 1032 Gladiatores
911 996 1014 1033 enim
1047 1006 1085 1035 et
1110 997 1311 1035 bestiarios
1338 997 1539 1048 intelligit,
1570 998 1674 1036 unde
1700 999 1863 1035 tabernas
1887 1003 1995 1046 patet
2022 995 2069 1032 ad

167 1066 254 1092 eum
279 1066 430 1091 morem
456 1066 542 1091 esse
566 1053 790 1093 referendas
805 1083 815 1103 ,
855 1069 933 1107 quo
961 1058 1010 1094 ad
1044 1059 1285 1097 alliciendam
1316 1059 1559 1109 plebeculam
1590 1059 1708 1096 rudes
1742 1058 1929 1109 quasdam
1961 1057 2070 1094 ludo-

166 1130 253 1154 rum
278 1117 448 1167 picturas
474 1116 554 1152 illic
583 1117 759 1155 solebant
784 1131 1020 1169 proponere,
1049 1122 1117 1172 qui
1141 1134 1302 1159 munera
1331 1121 1520 1169 edebant3
1547 1120 1596 1159 cf.
1621 1121 1835 1171 interprett.
1862 1119 1911 1156 ad
1931 1120 2068 1160 Horat,

169 1179 293 1218 Serm.
319 1182 364 1226 11,
389 1180 426 1225 7,
452 1178 511 1218 97.
563 1179 679 1216 Adde
704 1181 749 1227 Π,
773 1180 865 1219 584:
906 1183 978 1219 Lis
992 1196 1064 1220 una
1078 1185 1158 1234 suit
1174 1198 1244 1234 per
1267 1186 1385 1222 secula
1409 1186 1556 1229 mortis,
1588 1183 1694 1221 Alter
1726 1184 1825 1232 quod
1855 1190 1992 1231 raperet
2007 1180 2069 1230 fa-

169 1253 257 1290 tum,
280 1257 353 1281 non
376 1244 511 1280 cederet
536 1243 635 1279 alter.
686 1243 749 1279 De
777 1243 918 1281 Oreste
949 1251 988 1281 et
1020 1246 1166 1294 Pylade
1198 1248 1394 1298 loquitur3
1433 1259 1550 1296 quam
1585 1246 1791 1293 audacter,
1828 1245 1913 1293 ipsa
1946 1241 2068 1281 verba

170 1306 346 1341 clamant.
396 1304 612 1352 Praecipue
651 1315 747 1341 vero
782 1305 821 1340 in
847 1305 1058 1355 figurarum
1081 1308 1237 1344 licentia
1263 1321 1308 1344 ea
1335 1308 1495 1344 audacia
1522 1307 1704 1344 cernitur.
1733 1309 1793 1354 V,
1826 1306 1922 1344 582:
1969 1306 2072 1352 inque

170 1369 247 1414 ipso
274 1367 438 1414 rapidum
462 1377 561 1401 mare
585 1366 731 1409 navigat
757 1378 829 1402 ore.
863 1365 965 1421 Quia
1004 1368 1107 1404 enim
1134 1368 1183 1405 ad
1202 1382 1309 1406 mare
1334 1370 1525 1407 interdum
1551 1370 1693 1418 po'e‘tae
1730 1367 1930 1413 referunt,
1974 1377 2071 1416 quae

169 1436 256 1465 sunt
280 1435 494 1472 nautarum,
520 1424 570 1461 cf.
583 1425 790 1474 Drakenb„
816 1427 864 1462 ad
889 1428 955 1464 Sil.
970 1430 1032 1475 111,
1060 1430 1152 1476 1573
1179 1430 1245 1465 bic
1261 1431 1336 1466 iam
1355 1431 1393 1466 in
1417 1442 1488 1467 ore
1515 1430 1671 1465 belluae
1693 1428 1864 1464 marinae
1886 1427 2070 1476 navigare

169 1567 231 1601 sed
252 1567 340 1599 aliae
360 1567 493 1599 fuerint
514 1567 551 1598 in
572 1572 653 1599 auto
677 1567 788 1609 rapho
811 1566 821 1597 i
849 1577 899 1606 so,
920 1566 1008 1598 aliae
1034 1565 1241 1598 accesserint
1264 1566 1302 1598 in
1327 1566 1428 1598 codd.
1451 1567 1587 1598 nostris.
1634 1565 1772 1598 Deinde
1798 1576 1884 1598 vero
1911 1565 2072 1600 lemmata

170 1608 281 1641 adseri
311 1614 343 1640 ta
364 1608 589 1650 marginibus,
611 1614 645 1639 et
698 1607 762 1650 ips.
786 1618 822 1639 sc
848 1607 917 1639 olia
938 1607 1136 1639 recentiora
1159 1617 1231 1639 esse
1252 1613 1410 1650 apparet,
1432 1617 1538 1649 quam
1562 1606 1637 1638 cod.
1663 1612 1810 1649 autogr„
1833 1606 1895 1649 qui
1924 1617 1969 1649 pe
1981 1618 2071 1651 quae

172 1650 217 1682 ad
240 1618 400 1681 ordinem
426 1648 527 1681 codd.
555 1659 763 1698 perversum
785 1648 863 1680 satis
885 1648 1009 1691 pingui
1037 1647 1168 1679 iudicio
1196 1648 1357 1690 adaptata
1378 1649 1458 1679 sint.
1499 1648 1603 1680 Unde
1633 1657 1742 1689 porro
1771 1648 1897 1678 conclu
1924 1657 1976 1688 as,
2000 1660 2071 1681 non

173 1691 217 1722 ab
241 1700 282 1721 eo
305 1690 449 1737 quidem
473 1695 640 1731 potuisse,
666 1688 729 1736 qui
751 1689 831 1719 talia
851 1689 1013 1720 lemmata
1035 1694 1068 1720 et
1088 1688 1218 1719 scholia
1238 1689 1294 1719 vel
1316 1688 1427 1719 adseri
1456 1688 1539 1720 serit
1559 1687 1616 1718 vel
1631 1687 1761 1727 tulerit,
1775 1698 1900 1719 versus
1914 1699 2072 1722 excussos

174 1739 247 1761 esse
271 1734 349 1760 satus
372 1729 537 1766 eruditos,
559 1739 649 1771 quos
671 1735 763 1759 mter
783 1729 922 1770 spurios
938 1729 1053 1759 Bentl.
1075 1727 1169 1757 haud
1191 1736 1322 1769 paucos
1343 1734 1423 1758 retu
1439 1733 1473 1758 it.
1516 1728 1698 1758 Postremo
1725 1729 1822 1765 (nam
1842 1738 1956 1770 quum
1971 1730 2072 1761 latius

174 1770 270 1801 illius
300 1769 431 1801 inventi
458 1769 620 1800 utilitates
648 1773 804 1810 pateant,
833 1768 914 1798 libri
946 1767 1050 1809 primi
1078 1777 1133 1798 me
1162 1767 1289 1799 finibus
1319 1778 1416 1798 nunc
1440 1767 1638 1806 contineo);
1673 1765 1761 1798 alius
1782 1767 1883 1800 locus
1904 1769 1946 1800 L.
1968 1769 2070 1811 primi

174 1809 458 1851 impeditissimus
477 1810 558 1840 hinc
578 1809 695 1839 lucem
717 1808 852 1849 accipit.
895 1808 983 1839 Nam
1007 1813 1194 1849 postquam
1215 1808 1297 1838 solis
1319 1818 1461 1838 cursum
1484 1818 1552 1849 per
1573 1807 1711 1850 singula
1732 1807 1827 1849 signa
1853 1816 2070 1841 menstruum

175 1849 306 1888 (locuit,
324 1860 375 1882 ys.
397 1850 470 1884 557.
492 1849 537 1880 ita
562 1848 690 1892 pergit:
718 1849 788 1880 Nec
806 1848 921 1880 mirere
939 1859 1045 1890 vagos
1061 1851 1182 1888 partus
1203 1848 1314 1879 eadem
1334 1858 1403 1879 esse
1417 1859 1480 1889 per
1501 1852 1609 1885 astra,
1643 1848 1688 1879 Et
1708 1849 1841 1879 mixtum
1863 1850 1993 1891 ingenti
2007 1860 2070 1892 ge-

173 1891 259 1924 neris
277 1891 456 1923 discrimine
493 1895 599 1929 atum,
627 1890 768 1932 Singula
788 1900 858 1921 cum
878 1894 1007 1921 tantum
1027 1892 1176 1926 teneant,
1202 1893 1359 1931 tantoque
1371 1892 1530 1930 ferantur
1550 1893 1710 1936 ternpore,-
1737 1900 1793 1921 ses·
1809 1894 1882 1922 tota
1902 1891 2069 1933 surgentia

168 1933 281 1963 *sidera
301 1932 371 1961 luce
392 1948 433 1954 —-
493 1937 524 1961 ta
547 1930 692 1976 quidem
720 1931 779 1960 illa
806 1931 916 1961 oratio
938 1931 1070 1961 finitur.
1113 1928 1184 1959 Sed
1209 1929 1289 1970 quis
1311 1940 1383 1961 non
1410 1930 1525 1971 primo
1547 1935 1660 1960 statum
1687 1929 1855 1972 adspectu
1878 1937 2068 1962 truncatam

174 1970 345 2015 apodosin
365 1970 504 2002 videat?
547 1972 635 2003 Nam
660 1970 830 2002 sententia
853 1970 938 2002 haec
963 1976 1028 2001 est:
1063 1967 1170 2016 Quod
1189 1969 1219 1999 si
1239 1969 1318 2011 quis
1340 1969 1505 2009 miretur,
1536 1968 1632 2000 unde
1659 1975 1755 2001 tanta
1784 1980 1923 2002 morum
1950 1971 2066 2001 huma·

175 2023 303 2044 norum
324 2011 471 2043 varietas
491 2012 637 2051 oriatur,
659 2021 771 2054 quum
796 2017 912 2043 tamen
934 2011 985 2042 sin
1011 2010 1068 2041 ula
1094 2008 1190 2080 signa
1209 2019 1277 2052 per
1296 2009 1452 2053 integros
1471 2019 1608 2042 menses
1629 2009 1666 2043 in
1690 2010 1788 2042 caelo
1811 2010 2006 2050 consistant3
2038 2010 2070 2042 is

175 2063 234 2084 sex
252 2062 325 2084 uno
353 2061 474 2093 noque
499 2050 555 2083 die
577 2052 674 2092 signa
696 2052 875 2091 surgentia
897 2068 938 2076 -—
958 2052 1025 2082 rei
1052 2059 1099 2080 ua
1147 2056 1260 2082 esunt.
1304 2051 1430 2093 Neque
1461 2061 1533 2093 quo
1561 2060 1602 2082 ca
1629 2050 1806 2082 dimidiata
1832 2051 1999 2085 sententia
2019 2051 2071 2084 ,sit

175 2091 336 2125 deducen
363 2102 382 2123 a
402 2092 511 2123 latere
533 2097 661 2135 potest.
702 2092 762 2123 Est
782 2098 898 2123 autem
922 2093 1007 2123 haec
1048 2096 1137 2122 eres
1156 2089 1185 2120 is
1207 2100 1268 2122 sex
1286 2101 1354 2134 per
1380 2091 1471 2123 diem
1504 2091 1680 2134 surgentia
1706 2091 1820 2133 signa,
1851 2089 2070 2134 totidemque

174 2138 348 2164 nocturno
369 2138 527 2176 tempore
552 2142 619 2175 per
641 2131 775 2163 caelum
796 2132 975 2163 volitantia
995 2130 1209 2162 meminerit:
1244 2131 1375 2164 diurno
1398 2131 1542 2180 quidem
1570 2132 1655 2163 caeli
1681 2138 1793 2170 motu,
1822 2140 1934 2172 quum
1960 2142 2071 2175 supra

174 2172 218 2204 de
246 2172 328 2204 solis
352 2182 459 2204 cursu
489 2182 609 2205 annuo
638 2171 757 2215 egerit.
813 2171 919 2219 Quod
945 2181 1058 2214 quum
1084 2171 1261 2212 viderem,
1293 2172 1508 2204 intercidisse
1534 2183 1674 2203 versum
1700 2170 1834 2202 dudum
1860 2170 2071 2204 iudicabam.

175 2214 300 2261 Neque
326 2213 411 2244 haee
432 2224 504 2245 una
526 2214 622 2245 labes
644 2219 704 2245 est.
749 2214 909 2254 Namque
930 2218 1010 2255 post
1029 2221 1153 2243 versus
1173 2217 1254 2252 tres,
1276 2213 1407 2255 quibus
1429 2213 1609 2244 transitum
1630 2217 1729 2253 parat
1749 2210 1794 2241 ad
1812 2210 2008 2244 doctrinam
2024 2213 2069 2244 de

175 2263 270 2285 zonis
291 2252 515 2292 caelestibus,
536 2255 588 2285 ita
639 2253 741 2294 ergit:
774 2254 919 2286 circulus
940 2254 985 2284 ad
1006 2254 1132 2283 boream
1146 2254 1335 2300 fulgentem
1353 2254 1490 2285 sustinet
1509 2254 1649 2289 Arcton,
1678 2252 1805 2292 Sea-que
1825 2254 1926 2294 fugit
1950 2254 2070 2284 solidas

174 2305 196 2326 a
216 2293 297 2328 caeli
313 2294 430 2326 vertice
449 2298 572 2335 partes.
603 2264 658 2326 gd
681 2293 779 2338 quod
794 2294 913 2326 Bentl:
936 2293 1069 2339 »Quota
1091 2301 1174 2335 pars
1189 2294 1312 2325 circuli
1333 2299 1415 2325 sunt
1426 2302 1484 2323 sex
1496 2292 1578 2323 istae
1591 2290 1749 2326 solidae?
1773 2291 1841 2324 hoe
1858 2302 1929 2324 uon
1943 2293 2068 2340 liquet.

175 2334 334 2366 Forsitan
357 2339 480 2366 auctor
503 2333 656 2367 dederit:
694 2337 758 2368 Ses-
780 2346 798 2367 e
815 2336 956 2377 triginta
970 2334 1109 2382 fugiens
1130 2345 1152 2366 a
1176 2336 1296 2367 vertice
1343 2338 1439 2366 artes.
1487 2331 1673 2365 Eudoxum
1708 2331 1873 2364 Cnidium
1898 2338 2069 2375 sequitur,

202 2375 238 2405 ui
259 2380 372 2406 totum
395 2373 629 2405 meridianum
651 2374 688 2405 in
709 2381 826 2417 partes
846 2377 889 2409 60
903 2374 1037 2411 Δ(Ιίνιειὶη
1068 2379 1109 2404 ut
1129 2383 1149 2404 a
1170 2375 1256 2417 polo
1278 2383 1298 2404 a
1341 2375 1465 2415 polum
1486 2373 1553 2403 sint
1573 2372 1625 2405 30.
1669 2373 1720 2403 Er
1743 2384 1764 2405 o
1789 2372 1958 2404 circulum
1975 2373 2071 2404 bunc

176 2383 341 2447 describit
360 2425 433 2448 non
456 2413 500 2446 ad
518 2415 651 2446 Romae
673 2415 789 2455 situm,
812 2415 874 2448 sed
895 2414 940 2447 ad
964 2412 1075 2454 Cnidi,
1099 2414 1161 2447 ubi
1188 2414 1333 2448 elevatio
1358 2413 1431 2457 poli
1457 2418 1507 2444 est
1526 2412 1702 2456 graduum
1760 2423 1792 2444 ,ι
1837 2411 1938 2459 Quae
1959 2413 2069 2446 verba

178 2462 251 2493 quo
276 2456 471 2487 accuratius
492 2455 672 2496 intelligas,
694 2457 779 2487 haec
800 2456 971 2488 addenda
984 2454 1165 2487 videntur:
1195 2455 1356 2488 Circulus
1377 2454 1526 2485 arcticus
1550 2465 1623 2485 non
1648 2460 1688 2486 ut
1708 2451 1802 2495 apud
1822 2463 1888 2484 nos
1908 2453 1955 2485 ita
1975 2453 2070 2497 apud
2106 2477 2108 2479 .

178 2492 340 2534 antiquos
364 2495 494 2528 stabilis
520 2502 608 2537 erat3
630 2495 691 2528 sed
714 2501 835 2529 centro
856 2496 969 2529 stabili
991 2506 1074 2527 usus
1095 2496 1213 2528 stellae
1234 2494 1377 2539 polaris,
1395 2494 1535 2527 radium
1554 2494 1709 2526 mittebat
1730 2493 1773 2525 ad
1796 2502 1837 2525 ea
1849 2494 1956 2536 signa,
1977 2504 2068 2536 quae
