2295 2824
201 213 330 262 ipsum
354 214 465 248 mare
490 209 621 247 dicere
649 204 777 243 audet.
798 205 855 249 V,
881 202 975 251 590,
1000 204 1108 243 videt
1133 202 1383 244 Andromeda
1416 208 1608 247 adnantem
1630 209 1701 248 sibi
1718 222 1897 263 poenam,
1929 216 1955 252 i.
1974 228 2008 254 e.
2033 216 2115 254 hel.

200 267 333 321 luam,
374 273 438 310 cui
480 274 516 308 in
545 280 705 318 poenam
736 276 931 316 parentum
964 275 1050 304 erat
1089 268 1298 318 proposita.
1337 269 1394 309 IV
1399 287 1413 318 ,·
1442 271 1519 318 230,
1561 282 1655 318 nec,
1697 273 1896 313 nissfata·
1918 278 2114 318 tulissent:

204 336 344 387 Captus
369 345 402 372 et
423 347 447 370 a
473 333 588 381 captis
614 332 712 369 orbis
731 330 853 380 foret;
891 329 933 378 (i.
958 341 992 367 e.
1027 342 1099 367 nec
1125 331 1301 378 Romani,
1326 344 1492 383 quorum
1527 333 1603 370 iam
1627 334 1722 372 urbs
1749 349 1771 373 a
1797 339 1970 377 Porsena
1998 354 2116 392 expu-

201 408 316 452 gnata
336 403 447 442 esset,
471 402 610 445 postea
637 392 743 431 orbis
770 391 968 442 cepissent
992 392 1248 444 imperium3)
1287 396 1369 441 igne
1392 396 1529 444 sepulto
1563 397 1776 435 Vulneribus
1801 402 1914 440 victor
1936 406 2115 452 repetisset

204 462 349 499 Mucius
375 459 513 496 urbem.
566 457 692 513 Quem
719 456 864 501 locum,
891 456 964 492 nisi
991 456 1093 493 forte
1128 458 1351 495 coniectura
1377 459 1566 497 iuvandus
1592 463 1810 517 videbitur,
1841 466 1894 501 ita
1924 467 2115 516 interpre-

202 522 359 561 tabere:
393 522 553 560 Vulnera
579 533 601 557 a
626 519 754 570 poetis
780 518 887 555 haud
914 532 1005 556 raro
1033 532 1106 570 pro
1132 520 1384 579 instrumento
1410 523 1575 560 vulnera
1594 524 1790 563 inferente·
1813 517 2045 575 scribuntur,
2071 536 2116 567 ut

200 597 276 636 pro
303 585 426 631 hasta,
453 589 559 630 ense,
581 582 788 621 venabulo.
831 583 891 619 Eo
917 594 1038 630 more,
1065 583 1134 620 sed
1157 585 1345 630 licentius,
1370 597 1472 622 nunc
1498 598 1643 634 manus,
1670 591 1773 637 quae‘
1794 588 1955 626 vulnera
1980 588 2116 626 intule-

199 644 300 698 rant,
324 648 483 686 vulnera
497 645 599 695 ipsas
617 645 802 695 appellat,
829 644 958 693 eisque
984 645 1170 694 sanguine
1197 646 1427 684 stillantibus
1453 647 1574 685 foculi
1596 648 1728 698 ignem
1747 654 1831 687 esse
1859 642 2112 698 'exstinctum3

200 708 307 746 velut
331 707 468 743 Senec.
495 708 608 758 epist.
635 706 709 746 24:
751 708 920 744 Porsena
946 716 1124 754 spectator
1149 708 1357 745 destillantis
1383 711 1420 745 in
1435 710 1607 759 foculum
1630 711 1777 747 dextrae
1800 715 1908 752 stetit.
1946 712 2025 750 Sed
2049 712 2114 750 vix

180 889 385 923 >‚nunqnam
412 890 544 913 oceano
576 888 823 925 mergerentur
851 882 908 914 vol
935 892 1011 913 nun
1039 891 1120 913 uam
1151 886 1265 914 essent
1293 881 1361 913 sub
1390 881 1551 922 finitore;
1585 891 1658 924 quo
1690 880 1797 922 igitur
1822 880 1935 913 maior
1966 883 2111 918 elevatio

200 921 286 964 poli,
312 932 354 953 eo
376 921 515 963 lungior
537 923 657 955 radius
679 924 907 965 ampliorque
934 922 1028 954 circu
1045 934 1085 953 us
1111 929 1184 953 erat
1208 922 1372 953 borealis.
1418 921 1543 963 Neque
1567 928 1682 953 tamen
1709 921 1765 952 hic
1788 923 1915 953 erravit
1936 923 2114 965 Manilius,

198 969 311 1002 quum
319 962 450 993 Romae
464 962 568 994 Cnidi
580 964 811 995 elevationem
827 964 999 1005 sequitur.
1029 971 1107 992 nam
1122 971 1187 991 usu
1202 961 1268 991 iam
1282 967 1355 991 tum
1372 968 1447 992 erat
1458 967 1649 1003 receptum,
1664 967 1704 992 ut
1714 960 1848 992 Eudoxi
1857 961 2029 994 circulum
2042 975 2113 996 om-

198 1010 261 1033 nes
272 1001 411 1045 ubique
426 1007 607 1043 tenerent;
625 1004 720 1036 unde
729 1001 1202 1053 facturn,utsensimarctjcus
1214 1001 1452 1033 essetstabilis.
1469 1002 1608 1054 Gem‘in.
1622 1002 1814 1060 1⁸³5·,P·¹9·
1829 1001 1866 1032 in
1874 1003 2110 1057 Petav3U1-an.

185 1039 359 1102 “Opon‘wc
384 1038 427 1088 δὲ
459 1037 550 1089 οὐδὲ
575 1047 607 1088 οἱ
633 1046 823 1108 desei-mol
854 1043 941 1088 εἰπὲ
972 1044 1048 1088 τῶν
1079 1050 1210 1089 πολων
1243 1044 1312 1094 τήν
1348 1044 1435 1094 iia-nv
1472 1048 1678 1091 αἶπος-οισιν
1708 1060 1849 1098 exona-a
1879 1057 1996 1088 κατα
2029 1049 2113 1090 πᾶν
2147 1075 2151 1078 -

198 1102 388 1162 ἔγκλιμσι
419 1123 470 1130 -
498 1104 857 1167 καταγράφονται
886 1102 1083 1163 μέντοιγε
1101 1104 1241 1147 ποῖα-αι
1269 1103 1311 1146 αἱ
1338 1104 1585 1169 περιφέρειαι
1612 1101 1708 1163 πςός
1729 1101 1793 1147 τᾶν
1819 1101 1854 1147 ἑν
1880 1103 1933 1158 rii
1947 1102 2112 1151 ιὶῑλλρίδι

195 1158 383 1228 ὁρίζοντα.
422 1173 466 1207 cf.
511 1176 693 1209 Cleomed.
734 1176 778 1208 de
814 1176 1001 1218 contempl.
1039 1187 1135 1218 corp.
1172 1175 1257 1207 cael.
1283 1174 1310 1213 I,
1337 1174 1369 1207 5.
1400 1181 1434 1206 et
1460 1174 1510 1206 ibi
1538 1175 1675 1217 Theop.
1705 1174 1863 1207 Schmidt
1889 1187 1925 1219 p.
1953 1177 2023 1218 111),
2047 1188 2112 1221 sq.,

198 1223 335 1265 egregie
369 1224 414 1256 de
448 1225 581 1258 circulo
616 1228 743 1258 arctico
775 1226 1022 1269 disputanteng.
1079 1227 1194 1272 Quam
1228 1226 1295 1256 late
1326 1226 1444 1257 arctici
1467 1227 1554 1257 fines
1589 1225 1685 1266 apud
1716 1225 1903 1258 Eudoxum
1935 1228 2115 1282 patuerint

196 1281 346 1318 propter
368 1287 445 1320 sqq.
470 1278 658 1321 adponam.
692 1278 891 1320 Hipparch:
910 1289 945 1320 p.
959 1278 1033 1311 206.
1058 1278 1094 1309 in
1117 1279 1235 1309 Petav.
1260 1278 1379 1309 Uran:
1412 1271 1628 1323 καίφησιν
1655 1277 1851 1317 (Eudoxus)
1887 1267 1950 1314 ἐπ’
1982 1279 2109 1313 αυτ-ου

195 1324 346 1372 „efflat
376 1329 447 1373 τδν
472 1321 519 1375 δέ
548 1330 720 1396 α’ςίςερον
747 1329 849 1387 ὦμον
888 1330 958 1372 τοῦ
986 1330 1328 1393 Ἀξκτοφύλωκος,
1368 1329 1440 1371 καὶ
1466 1326 1526 1372 τοὶ
1541 1323 1695 1372 ἄνωθεν
1721 1325 1792 1372 τοῦ
1825 1331 2005 1387 ςεφοίνου
2039 1329 2111 1373 καὶ

196 1386 270 1439 τήν
297 1389 495 1449 κεφαλήν
521 1392 590 1435 τοῦ
622 1384 695 1436 dm*
712 1395 784 1435 τῶν
795 1390 973 1455 ’Ἄρκτων
998 1390 1125 1448 ὄφεως
1145 1404 1155 1414 ·
1179 1386 1242 1441 τῆς
1273 1383 1315 1432 δὲ
1335 1387 1463 1452 λύραις
1487 1388 1558 1433 καὶ
1575 1384 1645 1440 τῆς
1666 1383 1801 1448 δεξιοῖς
1820 1389 2023 1455 πτέςιῐγος
2041 1389 2114 1434 τοῦ

193 1446 342 1514 ὄρνιθος
364 1453 422 1494 τοί
448 1449 609 1496 ἄνωθεν
637 1468 647 1478 ·
671 1451 743 1495 τοῦ
770 1446 812 1494 δὲ
839 1445 1004 1507 Κηφέως
1031 1449 1077 1492 τό
1097 1446 1227 1500 ςῆθος
1248 1474 1312 1481 -—
1345 1449 1432 1492 εἶτα
1467 1449 1550 1491 dno*
1576 1448 1668 1496 τοῦς
1695 1447 1950 1513 ἑμπξοοθιὸυς
1977 1448 2110 1501 πόδας

201 1507 271 1564 τῆς
292 1511 493 1570 μεγάλης
528 1510 691 1580 ἄρκτου,
725 1528 788 1554 etc.
834 1521 904 1554 Sed
926 1527 964 1553 ut
988 1520 1032 1552 ad
1052 1521 1165 1553 Bentl.
1191 1520 1393 1560 redeamus,
1418 1525 1518 1551 acute
1547 1518 1707 1563 profecto
1730 1520 1788 1551 ille
1816 1522 2008 1564 perspexit,
2038 1533 2111 1555 non

195 1581 299 1612 posse
325 1583 344 1603 e
367 1573 526 1610 Manilio,
554 1581 684 1615 quotae
707 1574 790 1604 istae
812 1584 871 1604 sex
893 1579 1010 1613 partes
1033 1578 1147 1603 essent
1172 1572 1334 1613 intelligi3
1357 1571 1419 1601 sed
1440 1571 1552 1604 averti
1575 1580 1651 1600 eam
1676 1570 1922 1603 obscuritatem
1940 1574 2014 1604 eius
2038 1584 2110 1604 cor-

195 1612 354 1644 rectione
379 1623 558 1654 negamus.
601 1615 649 1645 Ut
672 1613 765 1648 enim
789 1612 833 1643 de
855 1612 1024 1642 liberiore
1048 1612 1241 1642 verborum
1267 1610 1459 1642 mutatione
1482 1616 1625 1649 taceam,
1647 1610 1742 1646 unde
1764 1610 1831 1641 iam
1856 1613 1962 1654 magis
1986 1620 2111 1655 pateat,

194 1658 326 1695 quotae
347 1652 416 1684 sint
439 1654 503 1685 hae
525 1653 676 1696 triginta,
698 1663 804 1696 quam
819 1657 949 1694 quotae
975 1652 1055 1683 illae
1077 1662 1135 1683 sex
1157 1651 1311 1683 fuerint?
1346 1650 1446 1693 Quae
1470 1661 1584 1692 quum
1605 1650 1652 1681 ita
1674 1656 1797 1691 essent,
1818 1662 1890 1683 non
1909 1664 2021 1685 unum
2035 1665 2111 1686 ver-

194 1704 290 1732 sum,
319 1703 401 1725 eum
425 1693 470 1725 de
493 1704 566 1736 quo
590 1704 699 1736 supra
723 1693 1004 1735 disputabamus,
1028 1692 1220 1732 interiisse,
1248 1692 1308 1724 sed
1329 1694 1414 1724 alios
1441 1691 1661 1732 complures,
1686 1691 1817 1733 quibus
1839 1693 2051 1726 meridianus
2073 1695 2110 1726 in

194 1734 237 1767 60
260 1739 375 1775 partes
397 1733 527 1766 divisus
549 1734 807 1773 ostenderetur,
828 1733 1016 1776 probabile
1041 1733 1224 1774 putabam
1254 1743 1369 1774 eoque
1394 1731 1512 1775 magis,
1534 1731 1632 1774 quod
1654 1730 1728 1773 ipse
1755 1738 1858 1774 poeta
1880 1745 1912 1765 v.
1934 1734 2007 1769 539.
2028 1746 2109 1777 pro-

195 1773 315 1805 fitetur
338 1784 376 1805 se
396 1775 489 1806 velle
512 1775 656 1806 docere:
693 1780 848 1816 quantum
879 1784 1017 1805 convexo
1045 1776 1182 1805 mundus
1210 1774 1344 1815 Olympo
1375 1773 1528 1804 obtineat
1559 1773 1712 1813 spatium.
1762 1774 1866 1805 Nunc
1893 1785 1979 1806 vero
2008 1785 2108 1816 prae-

194 1814 296 1846 stanti
319 1814 518 1846 testimonio
542 1821 575 1846 et
598 1816 703 1857 plane
726 1815 903 1857 insperato
927 1814 1151 1845 corroborari
1173 1825 1292 1845 meum
1312 1813 1482 1845 iudicium
1503 1812 1620 1846 video.
1663 1813 1797 1845 Iterum
1824 1814 1917 1847 enim
1938 1814 1975 1846 in
1997 1815 2106 1848 Codd.

194 1865 317 1886 versus
344 1855 549 1895 miscentur,
572 1861 612 1886 ut
635 1861 714 1897 post
734 1866 784 1885 vs.
807 1855 884 1888 536:
913 1855 981 1884 Nec
1003 1855 1117 1884 cadere
1139 1856 1173 1885 in
1188 1859 1309 1885 terram
1321 1855 1498 1895 pendentia
1511 1854 1620 1886 sidera
1637 1855 1720 1885 caeli
1732 1865 1898 1902 perverse
1914 1866 1950 1886 se
1979 1862 2109 1888 uantur

194 1904 263 1925 vss.
283 1894 466 1934 564-6093
501 1895 631 1926 deinde
655 1894 800 1926 demum
820 1905 885 1924 vss.
908 1893 1082 1927 537-563.
1128 1894 1223 1939 Quas
1244 1904 1356 1936 quum
1379 1899 1533 1936 quatuor
1555 1903 1601 1934 pa
1624 1893 1689 1924 inis
1712 1894 1885 1933 diviseris,
1914 1896 1947 1926 vi
1976 1896 2049 1927 ebis
2070 1897 2106 1927 in

194 1934 307 1966 altero
328 1934 411 1966 folio
435 1935 541 1968 fuisse
562 1935 614 1972 46,
641 1934 677 1966 in
698 1935 830 1973 altero,
864 1933 991 1964 iniuria
1013 1933 1142 1964 reiecto
1167 1940 1245 1975 post
1269 1934 1432 1973 alterum,
1458 1939 1591 1964 tantum
1658 1957 1668 1973 ,
1699 1935 1773 1974 vel,
1801 1934 2028 1971 adnumerata
2055 1946 2107 1966 ca.

220 1974 309 2007 itum
332 1974 570 2017 inscriptione,
593 1976 645 2011 39.
670 1984 827 2023 quorum
852 1974 879 2006 si
903 1973 1015 2016 priori
1037 1974 1182 2017 paginae
1203 1976 1246 2008 22
1273 1974 1423 2013 dederis,
1445 1973 1612 2005 adversae
1636 1974 1885 2018 relinquentur
1909 1977 1949 2010 16
1973 1978 2029 2007 vel
2052 1977 2109 2015 173

193 1984 348 2047 geel-unt
368 2015 426 2047 vel
446 2017 468 2048 6
489 2017 545 2047 vel
566 2017 603 2056 53
630 2016 682 2046 illi
703 2015 782 2058 ipsi,
803 2015 961 2057 inquam.
987 2024 1073 2056 quas
1095 2015 1285 2046 desiderari
1309 2015 1472 2047 videbam
1497 2013 1565 2044 iam
1588 2014 1735 2047 dudum.
1774 2016 1845 2048 Sed
1859 2016 1926 2047 alia
1944 2017 1980 2047 in
1994 2016 2045 2049 his
2058 2017 2107 2050 17,

193 2055 410 2098 inquirenda
433 2062 531 2095 sunt;
562 2056 737 2087 finiuntur
762 2056 856 2087 enim
879 2055 1021 2088 duobus
1043 2056 1113 2087 his:
1145 2057 1291 2087 Cir-culus
1313 2067 1334 2087 a
1362 2066 1484 2087 summo
1506 2060 1690 2087 nascentem
1712 2058 1831 2089 vertice
1850 2058 2002 2087 mundum
2022 2056 2105 2088 Per-

194 2100 279 2130 meat
297 2096 521 2138 Artaphylaca
540 2101 655 2137 petens
671 2107 733 2137 per
753 2101 852 2139 terga
873 2096 1036 2135 draconis.
1084 2097 1165 2128 Post
1187 2107 1278 2139 quos
1300 2096 1337 2127 in
1362 2096 1496 2128 Coluro
1520 2094 1751 2130 describendo
1774 2096 1950 2140 pergitur:
1985 2097 2104 2130 Extre-

193 2147 341 2179 mumque
359 2148 476 2169 secans
491 2138 627 2178 hydram
647 2139 844 2179 mediumque
864 2138 923 2169 sub
945 2137 1043 2168 astris
1067 2139 1262 2169 Centaurum
1286 2142 1347 2169 etc.
1389 2137 1488 2167 Duos
1511 2143 1628 2168 autem
1650 2138 1727 2169 illos
1752 2147 1863 2178 quum
1886 2136 2041 2178 Scaliger
2061 2138 2105 2170 ad

197 2177 339 2209 coluros
362 2178 523 2217 referret,
550 2176 698 2217 (fecerat
719 2178 753 2208 id
775 2184 895 2209 autem
917 2176 964 2208 ob
985 2176 1156 2219 inceptam
1179 2178 1246 2208 iam
1270 2176 1394 2209 circuli
1420 2176 1537 2208 arctici
1563 2176 1834 2218 descriptionem
1856 2187 1903 2208 vs.
1922 2176 1998 2211 537:
2034 2179 2105 2210 cir-

193 2218 285 2250 cubas
305 2219 349 2250 ad
369 2220 499 2251 boream
513 2218 703 2261 fulgentem
727 2220 807 2258 etc.)
831 2218 938 2262 plane
960 2217 1110 2250 absurde
1132 2219 1211 2251 dici*
1224 2219 1338 2250 aiebat
1360 2219 1513 2250 mundum
1532 2223 1716 2249 nascentem
1744 2223 1778 2249 et
1800 2218 1866 2249 alia
1890 2229 2044 2261 quorum
2069 2219 2105 2249 in

194 2257 325 2291 coluris
346 2259 465 2290 nullus
487 2260 588 2291 locus
609 2266 670 2291 est.
714 2260 816 2291 Nunc
839 2266 970 2297 autem,
992 2269 1102 2300 quum
1128 2271 1188 2291 eos
1209 2260 1338 2291 rectius
1357 2258 1399 2289 ad
1415 2259 1554 2299 priores
1570 2268 1692 2289 versus
1706 2259 1900 2297 retulimus,
1922 2263 2105 2291 nascentem

191 2299 346 2332 mudum
373 2308 446 2330 esse
472 2299 586 2331 sidera
609 2310 628 2331 e
651 2300 739 2331 mari
770 2300 918 2331 orientia
944 2309 1008 2330 seu
1030 2299 1219 2336 finitorem,
1251 2300 1351 2330 nullo
1375 2298 1515 2339 negotio
1536 2297 1714 2337 videmus3
1747 2309 1788 2330 eo
1811 2310 1897 2330 vero
1923 2297 2103 2330 circumfe-

193 2339 340 2371 rentiam
367 2349 396 2370 c.
422 2340 538 2371 arctici
563 2340 745 2372 terminari
767 2340 871 2372 modo
892 2339 1089 2372 docuimus.
1122 2341 1287 2372 Exoritur
1309 2350 1392 2383 ergo
1415 2338 1483 2370 iam
1507 2338 1675 2380 quaestio,
1698 2345 1816 2371 utrum
1832 2341 1904 2371 duo
1920 2339 1953 2370 hi
1972 2347 2105 2379 versus,

195 2390 285 2423 quos
306 2379 464 2421 Scaliger
489 2379 662 2413 damnavit
687 2387 721 2413 et
746 2381 942 2417 Bentleius,
972 2380 1039 2412 sint
1068 2382 1178 2423 spurii
1203 2380 1368 2423 putandi,
1395 2389 1439 2411 an
1463 2390 1514 2410 vs.
1536 2377 1613 2413 537:
1650 2381 1795 2413 Cir-culus
1816 2383 1861 2413 ad
1882 2382 2028 2417 boream,
2058 2389 2101 2411 an

193 2420 321 2451 neutri.
373 2420 562 2462 Excipiunt
590 2432 625 2452 se
661 2428 780 2453 autem
817 2422 878 2453 ita:
920 2422 1067 2452 Circulue
1095 2433 1116 2451 a
1146 2433 1265 2453 summo
1293 2425 1477 2452 nascentem
1503 2421 1620 2451 vertice
1645 2423 1798 2452 mnndum
1833 2422 2003 2457 Per-meat,
2036 2421 2100 2451 Ar-

192 2460 382 2509 ctophylaca
396 2464 513 2501 petens
527 2471 590 2501 per
610 2466 707 2503 terga
728 2463 889 2494 Draconis
895 2474 909 2500 ,-
940 2462 1086 2494 Girculus
1112 2464 1156 2494 ad
1180 2464 1308 2495 boream
1322 2462 1510 2503 fulgentem
1530 2462 1667 2492 ⁸u8tiuet
1699 2463 1842 2496 Arctffl‘s
1864 2459 1989 2500 3839148
2003 2462 2101 2502 sugit

189 2501 312 2535 subdas
334 2512 356 2533 a
376 2502 457 2533 caeli
476 2502 597 2534 vertice
612 2507 738 2542 partes.
781 2503 809 2533 E
830 2503 962 2543 quibus
987 2502 1123 2544 primus
1144 2503 1227 2534 mihi
1252 2509 1346 2535 certe
1371 2509 1597 2543 nequaquam
1622 2501 1666 2532 ab
1690 2499 1942 2541 interpolatore
1966 2501 2101 2532 venisse
