2295 2824
973 137 1044 146 .-
1134 114 1192 160 16
1288 138 1358 150 —.

202 235 397 277 fastidium
422 229 654 285 regerendis
678 235 846 266 notatur.
897 228 1157 281 Non'loquor
1182 231 1361 271 nunc‘de
1388 230 1481 280 axis,
1505 233 1688 283 cardinis,
1711 235 1893 290 verticis),
1915 237 2119 288 luminum,

203 296 611 346 siderum,-⁸tellarum
635 290 881 342 aliorumque
905 292 955 329 ad
982 300 1105 330 aroem
1130 295 1408 344 pertinentium
1426 295 1648 334 ¹verbm-uin
1672 296 1910 350 repititione',
1935 316 2025 354 qua.
2038 302 2118 346 for.

202 372 306 402 tasse
331 358 503 399 Lucretii
526 354 800 405 sinplicitatem
825 355 968 393 imitari
992 357 1124 403 voluit,
1151 358 1221 394 sed
1250 359 1363 395 etiam
1389 358 1458 395 ubi
1481 367 1663 397 venustus
1680 372 1766 399 esse
1780 363 1895 413 cupit,
1921 364 1961 401 in
1978 365 2121 403 'eodem‘

204 438 323 477 saepe
348 422 446 461 vado
472 419 639 472 haerere
665 418 831 456 videtur.
891 418 1023 455 Pauca
1059 431 1261 468 apponam.
1291 421 1327 465 Ι,
1360 421 1457 459 2552
1495 422 1685 460 Flammas
1728 423 1977 463 Ordinibus
2016 431 2120 465 certis

205 491 367 541 referam,
387 485 622 534 primumque
650 481 731 532 (alii
753 487 863 530 puto>
872 480 1081 530 dixissent:
1111 483 1337 530 primaeque)
1372 493 1541 520 canentur
1560 485 1666 537 Quae
1681 488 1836 524 medium
1859 491 2001 538 obliquo
2019 490 2120 538 prae-

207 554 352 601 cingunt
392 550 555 587 ordine
579 548 764 585 mundum.
791 559 829 583 v.
855 545 931 586 295
957 554 995 583 et
1015 546 1126 588 297:-
1167 546 1322 599 Quoque
1346 549 1456 584 semel
1487 551 1623 597 coepit,
1655 559 1754 588 totus
1788 552 1884 588 volat
1909 554 2059 601 undique
2085 555 2122 590 in

207 621 367 666 ipsum.
400 634 452 642 —
510 612 632 659 Usque
665 610 756 646 adeo
792 618 893 646 tenue
918 618 957 646 ut
983 609 1069 645 verti
1093 622 1167 646 non
1187 611 1309 658 possit
1335 611 1371 646 in
1397 612 1559 659 ipsum.
1611 612 1653 647 In
1681 626 1761 663 quo
1788 613 1898 651 simul
1923 621 2061 650 notare
2082 623 2122 652 te

206 678 327 717 velim
361 679 478 726 ipsum
510 683 595 709 esse
630 684 670 709 se
706 673 843 720 ipsum,
879 672 996 722 idque
1029 678 1189 720 praeter
1214 672 1409 722 'Augustei
1442 673 1527 710 aevi
1552 676 1869 713 consuetudinem
1896 678 1932 715 ei
1957 689 2040 714 esse
2063 676 2123 714 fa·

206 741 369 780 miliare.
403 735 545 774 Iisdem
569 734 735 772 vocibus
762 746 806 770 ac
830 733 978 770 casibus
1004 734 1163 783 praeter
1186 734 1326 771 multos
1354 735 1449 772 alios
1474 735 1515 772 hi
1540 747 1676 773 versus
1694 735 1884 776 finiuntur
1906 740 2015 777 initio
2030 739 2119 776 libri

209 802 343 856 primi3
382 798 471 844 149,
497 797 585 844 152,
612 796 709 835 156:
745 808 871 839 auras;
913 796 1001 843 162,
1026 795 1122 834 165:
1159 799 1292 841 undas3
1337 797 1424 843 223,
1456 796 1552 836 224:
1585 807 1731 844 gentes‚·
1769 812 1828 837 vs,
1851 802 1950 840 395:
1978 804 2028 839 Ῑη
2050 815 2123 839 ma.

206 878 322 915 gnam
348 863 437 901 caeli
462 861 717 898 tendentem
743 859 886 916 brachia
905 868 1062 907 partem,
1092 860 1172 897 Nec
1197 862 1315 896 minus
1337 869 1528 897 extento
1552 870 1756 907 surgentem
1780 861 1829 899 ad
1853 865 1971 900 sidera
1991 877 2125 913 passm

209 930 261 976 V,
294 926 363 966 54:
411 925 488 961 His
519 922 710 958 ducibus
743 934 849 958 caeco
884 923 1114 959 ducuntur
1144 924 1181 958 in
1207 935 1357 970 aequore
1392 923 1541 963 classes;
1578 924 1608 970 I,
1632 921 1720 961 476.
1784 925 1982 973 Praecipue
2008 928 2124 962 medio

211 1002 327 1030 cum*
350 989 461 1024 luna
495 985 696 1035 implebitur
723 985 827 1029 orbe,
875 984 978 1022 Certa
1006 987 1116 1022 nitent
1141 986 1299 1027 mund03
1342 997 1444 1021 cum
1478 984 1585 1022 luna
1608 987 1772 1023 conditur
1797 1000 1902 1024 omne
1933 988 2128 1027 Stellarum

212 1056 350 1101 vulgus.
409 1050 487 1086 Ubi
523 1061 602 1084 non
635 1059 728 1084 sane
757 1048 863 1083 suavi
897 1048 1077 1099 oratione
1105 1060 1188 1083 cum
1212 1047 1330 1083 modo
1357 1047 1547 1096 particula
1573 1049 1690 1084 modo
1715 1050 1972 1100 praepositio,
1998 1047 2127 1087 'modo

213 1129 301 1155 cnm
328 1111 562 1151 nominativo
590 1109 707 1145 modo
735 1121 824 1146 cum
851 1108 1020 1147 ablativo
1049 1110 1151 1146 lunae
1175 1109 1379 1147 coniuncta
1396 1109 1603 1160 regeritur.
1640 1110 1840 1161 Simulque
1856 1113 2010 1149 attende
2033 1113 2128 1150 mihi

214 1180 262 1216 ad
283 1175 501 1214 orationem
526 1179 636 1207 recte
672 1171 830 1220 quidem
855 1170 1063 1207 formatam
1090 1171 1138 1207 ad
1172 1172 1408 1221 analogiam,
1451 1172 1521 1207 sed
1545 1184 1623 1208 non
1657 1180 1765 1209 recte
1796 1175 1897 1210 ultra
1928 1180 2130 1211 consuctu-

215 1243 343 1279 dinem
368 1237 527 1286 linguae
547 1233 758 1284 prolatam.
810 1235 985 1283 Namque
1011 1241 1070 1270 est
1097 1232 1253 1283 quidem
1281 1232 1387 1269 orbis
1414 1244 1556 1282 corpus
1584 1234 1803 1280 rot-undum,
1831 1235 1973 1272 deinde
1999 1247 2133 1273 cursus

215 1306 254 1340 in
281 1301 419 1340 orbem
445 1295 624 1339 reflexus,
643 1294 820 1344 denique
846 1302 972 1331 motus
1000 1295 1200 1330 circularis
1227 1294 1399 1331 nondum
1420 1294 1570 1341 finitus3
1596 1317 1646 1323 —
1672 1296 1777 1332 velut
1803 1297 1905 1346 apud
1919 1298 2127 1347 Virgilium

218 1366 288 1404 Sol
311 1362 429 1400 medIo
447 1359 531 1396 orbe
556 1358 730 1401 consistit,
746 1356 786 1391 in
811 1368 888 1405 quo
913 1367 1028 1391 nemo
1052 1355 1243 1401 haerebit,
1270 1369 1389 1405 quum
1403 1359 1592 1394 consistere
1607 1358 1698 1394 satis
1718 1358 1892 1403 edoceat,
1918 1360 2011 1408 quid
2027 1372 2129 1396 nunc

217 1427 268 1464 sit
286 1423 401 1461 orbis
415 1434 427 1469 3
448 1442 499 1449 --
551 1426 589 1455 at
610 1429 706 1454 vero
734 1417 767 1453 si
792 1417 879 1467 quis
907 1418 1065 1454 medium
1090 1418 1212 1454 orbem
1234 1418 1335 1454 lunae
1367 1420 1505 1467 impleri
1532 1419 1665 1467 dicet„
1694 1432 1782 1456 eum
1808 1420 2056 1457 haud-dubie
2081 1421 2129 1457 (le

216 1487 403 1536 semilunio
417 1492 536 1532 agere
550 1491 682 1517 omnes
696 1479 898 1527 putabunt.
945 1480 1080 1529 Itaque
1093 1479 1150 1515 sic
1164 1486 1202 1515 et
1216 1480 1377 1516 Huetius
1393 1488 1431 1517 et
1444 1481 1631 1529 Scaliger,
1644 1488 1809 1531 uterque
1822 1483 1865 1516 L.
1878 1483 1920 1517 L.
1937 1482 2143 1532 ingenium*
2170 1529 2172 1531 v

220 1549 364 1587 acriter
385 1540 870 1591 animo-persentiscentes‚
894 1552 1036 1589 cepere
1044 1554 1056 1588 3
1089 1540 1168 1586 sed,
1193 1541 1259 1591 qui
1285 1541 1426 1578 iudicio
1447 1541 1550 1579 valet
1570 1542 1697 1589 unice,
1711 1543 1908 1579 Bentleius
1931 1544 1979 1580 (le
2001 1545 2130 1580 medio

219 1623 336 1650 cursu
349 1614 548 1645 menstruo
562 1614 700 1640 versus
714 1602 1023 1651 interpretandos
1039 1614 1123 1639 esse
1140 1602 1339 1649 intellexit,
1349 1614 1425 1653 quo
1434 1604 1670 1651 plenilunium
1684 1610 1754 1639 est.
1780 1604 1909 1656 Atque
1926 1606 1961 1642 in
1975 1605 2033 1643 his
2047 1604 2133 1643 ana·

218 1674 335 1726 logiis
371 1672 472 1708 ultra
506 1680 620 1705 usum
644 1666 752 1717 vagis
777 1667 989 1716 praecipue
1014 1665 1162 1702 Manilii
1187 1665 1445 1716 peregrinitas
1472 1671 1601 1714 potest
1625 1666 1822 1714 cognosci.
1875 1667 2004 1722 Quum
2030 1668 2132 1703 enim

221 1740 369 1775 innatus
402 1733 470 1768 ille
500 1730 657 1779 linguae
684 1728 835 1778 patriae
861 1741 993 1765 sensus
1020 1728 1253 1778 penitusque
1278 1727 1483 1764 inhaerens
1521 1726 1646 1763 animo
1674 1728 1729 1763 eis
1756 1727 1888 1765 deesse
1912 1730 2131 1767 necessario

222 1799 386 1845 debeat,
436 1792 708 1846 qui‚linguam
742 1790 909 1842 aliquam
945 1790 1233 1836 addidicerant,
1285 1790 1455 1827 destituti
1488 1789 1560 1827 isto
1596 1789 1742 1838 optimo
1788 1790 1886 1828 duce
1933 1802 1978 1827 ac
2013 1791 2134 1828 secuti

222 1862 413 1900 rationem
435 1855 552 1893 facile
578 1866 772 1903 saepeque
797 1853 1003 1899 labuntur3
1036 1853 1154 1902 idque
1180 1852 1244 1890 vel
1269 1853 1309 1888 in
1332 1852 1464 1889 verbis
1490 1851 1661 1901 singulis,
1685 1860 1729 1889 ut
1753 1853 1792 1889 in
1819 1853 2032 1901 synonymis
2058 1865 2135 1890 non

223 1932 331 1963 recte
362 1917 590 1962 commistis,
633 1915 694 1953 vel
728 1915 767 1951 in
808 1913 1029 1951 continuata
1064 1914 1239 1966 oratione
1266 1915 1456 1960 cernitur,
1496 1915 1588 1951 dum
1614 1915 1729 1951 modo
1753 1915 1896 1965 figuras
1922 1929 2000 1952 non
2026 1923 2134 1952 recte

224 1976 483 2027 transferunt,
502 1979 620 2017 modo
647 1976 897 2029 grammatica
924 1975 1100 2013 licentius
1129 1975 1349 2014 abutuntur.
1400 1976 1603 2032 Quaedam
1630 1977 1804 2027 exempla
1830 1978 1905 2014 iam
1930 1991 2045 2028 supra
2071 1978 2137 2014 ha·

228 2050 402 2091 buimus,
439 2043 578 2094 quibus
602 2041 700 2077 haec
727 2039 849 2076 addo:
889 2039 922 2084 1,
954 2038 1023 2077 73:
1065 2040 1241 2076 Nondum
1266 2040 1412 2076 solertia
1435 2040 1515 2089 sec
1527 2047 1622 2075 erat
1656 2049 1769 2082 artes,·
1805 2041 1828 2076 i.
1864 2052 1898 2077 e.
1925 2041 2135 2077 invenerat-

227 2114 323 2153 772:
361 2108 622 2155 Aetheriusque
638 2104 790 2149 Platon,
816 2103 923 2152 etqui
938 2102 1266 2152 fabricaverat
1291 2101 1410 2145 illum3
1436 2102 1655 2150 (Socratem
1678 2102 1788 2151 dicit)
1814 2102 1881 2149 IV,
1904 2101 1998 2140 602:
2014 2099 2020 2107 “
2038 2103 2097 2139 Ca
2107 2116 2136 2140 e-

231 2217 421 2251 admoneat,
448 2212 575 2249 irruat5
606 2208 687 2249 ubi,
714 2207 798 2250 quia
825 2215 992 2251 praesens
1019 2205 1150 2246 corripit
1178 2201 1373 2247 praecedit,
1408 2202 1510 2235 etiam
1537 2203 1683 2245 protasis
1705 2204 1952 2236 vti-admoneat
1974 2210 2050 2236 eta
2077 2206 2135 2238 od.

230 2259 338 2289 irruat
358 2258 502 2296 praeter
521 2260 658 2282 morem
682 2249 718 2280 in
743 2258 856 2291 praes.
872 2247 1035 2279 translata
1050 2252 1118 2283 θεῖς
1147 2254 1227 2275 nam
1250 2243 1417 2283 irruisset,
1440 2243 1506 2274 nisi
1531 2243 1777 2275 admonuisset.
1799 2243 1890 2274 Huic
1907 2244 2057 2277 orationi
2076 2256 2136 2286 op-

259 2300 414 2329 onantur
436 2292 606 2334 exempla,
627 2289 734 2334 quale
756 2288 886 2321 Tibull.
911 2293 962 2320 est
982 2288 1009 2327 1,
1032 2286 1064 2326 4,
1087 2284 1142 2319 63:
1170 2285 1318 2317 Carmine
1332 2294 1501 2326 purpurea
1522 2288 1581 2315 est
1600 2285 1675 2316 Nisi
1688 2294 1790 2322 coma,
1813 2285 1957 2317 contina
1975 2287 2018 2317 ni
2038 2286 2136 2324 sint,

232 2308 284 2372 ἐκ
304 2338 436 2370 humero
456 2334 585 2375 Pelopis
606 2344 673 2365 non
693 2331 873 2363 nituisset
891 2331 981 2362 ebur.
1031 2326 1102 2359 Sed
1124 2327 1207 2358 haec
1228 2326 1264 2357 in
1287 2325 1382 2356 aliud
1409 2331 1547 2367 tempus
1568 2324 1770 2357 differenda.
1805 2325 1909 2357 Nunc
1923 2332 2056 2356 tantum
2070 2326 2136 2358 hoc

234 2378 371 2415 addam,
392 2385 450 2408 me
471 2384 544 2404 non
563 2383 667 2416 posse
688 2371 855 2403 accedere
880 2367 1142 2406 Doederleinio,
1165 2366 1227 2409 qui
1253 2366 1289 2396 in
1310 2366 1422 2397 libell.
1457 2365 1501 2396 de
1521 2365 1743 2408 brachylogia
1757 2375 1862 2397 serm.
1877 2367 2002 2398 Graec.
2016 2370 2050 2396 et
2060 2365 2133 2398 Lat.

237 2420 326 2452 hanc
347 2416 450 2451 etiam
472 2413 637 2446 orationis
659 2413 810 2445 formam
826 2417 994 2454 tanquam
1013 2419 1057 2447 ,ex
1077 2406 1253 2439 brevitatis
1276 2405 1390 2438 studio
1412 2412 1525 2438 ortam
1539 2404 1584 2436 ita
1598 2407 1745 2450 explicat
1757 2406 1918 2448 exemplo
1931 2414 2015 2438 usus
2029 2405 2134 2439 Tacit,

235 2462 328 2492 Ann.
354 2458 383 2496 1,
411 2456 471 2491 65:
502 2455 643 2487 Caecina
672 2454 987 2489 circumveniebatur,
1021 2451 1082 2490 [sc.
1110 2453 1141 2480 et
1167 2450 1398 2480 circumventus
1429 2446 1525 2488 esset]
1547 2450 1583 2480 ni
1611 2449 1696 2502 legio
1723 2448 1832 2488 prima
1865 2456 1900 2477 se
1925 2446 2133 2484 opponique&

237 2515 405 2547 ceterum
436 2509 692 2554 eadem-plane
724 2518 784 2540 res
810 2514 859 2540 est
886 2506 1061 2539 contrario
1091 2504 1232 2544 ordine,
1262 2502 1302 2542 si,
1326 2509 1437 2543 quum
1465 2500 1538 2536 nisi,
1562 2493 1594 2534 εἰ
1609 2508 1689 2550 μη,
1709 2499 1744 2529 ἰη
1771 2495 1915 2538 apodosi
1951 2505 2135 2540 exspectas,

238 2568 312 2599 eius
331 2567 411 2598 loco
429 2565 497 2602 sed,
515 2551 657 2608 dhhoex,
674 2553 883 2605 insequitur.
