2295 2824
932 162 995 171 ...-
1093 139 1151 182 10
1245 162 1308 171 .-

163 264 321 305 mrum3
361 252 529 308 qum-{nn
553 252 661 288 illum
687 249 737 286 ‹le
763 249 1034 299 elephantibus
1061 244 1295 289 funambulis
1322 253 1645 301 interpretantur,
1665 253 1667 255 ’
1684 251 1788 289 hunc
1813 254 2011 293 Bentleius
2036 256 2077 291 in

166 329 256 358 eam
281 325 451 357 mentem
478 313 656 360 correxit,
681 311 754 349 itae
789 312 958 362 Turpiter
981 315 1018 351 in
1043 322 1142 351 tanto
1169 315 1395 351 scandentem
1415 314 1570 363 pondere
1584 313 1711 363 funes.
1749 314 1866 370 Quod
1888 317 1919 354 si
1947 324 1985 355 et
2009 315 2076 353 illa

164 379 432 430 interpretatio
462 385 502 414 et
525 377 624 413 haec
651 374 848 412 correctio
872 388 968 414 vera
992 385 1069 423 est,
1094 375 1164 412 sub
1181 375 1340 412 Tiberio
1366 376 1440 412 hos
1463 375 1584 412 libros
1610 377 1850 433 conscriptos
1876 390 1961 416 esse
1985 390 2075 416 con-

166 441 354 491 sequitur.
406 438 608 489 Siquidem
635 437 794 474 Sueton.
820 437 861 474 in
888 437 1011 475 Galba
1036 449 1070 474 c.
1096 437 1133 476 5
1158 436 1370 473 memoriae
1395 435 1581 485 prodidit,
1605 428 1707 473 hunc
1731 438 1917 486 primum,
1957 453 2076 491 quum

165 508 327 552 praetor
352 507 474 548 esset,
499 499 713 536 ostendisse
741 499 963 549 elephantes
992 498 1249 542 funambulos.
1301 500 1387 534 Iam
1411 511 1507 535 vero
1534 513 1652 549 quum
1679 501 1710 536 is
1734 501 1951 550 Imperator
1977 514 2010 537 a.
2035 515 2072 551 p.

165 563 257 602 Chr.
282 561 353 610 69,
380 574 500 598 annos
526 569 635 598 natus
660 561 738 608 72,
760 561 975 608 interierit,
1003 575 1081 598 non
1106 569 1235 611 potest
1257 569 1481 611 praeturam
1507 565 1668 612 gessisse
1692 571 1876 614 regnante
1886 565 2073 615 Augusto,

163 623 329 672 etiamsi,
354 629 398 659 ut
422 622 538 659 docet
564 622 783 672 Suetonius,
811 630 897 660 ante
923 623 1113 674 legitimos
1140 636 1258 661 annos
1285 624 1334 661 ad
1358 623 1528 662 honores
1555 628 1728 665 accessit.
1766 626 2001 677 Ambiguum
2017 633 2075 663 est

164 687 332 738 denique
357 685 620 739 testimonium
644 687 685 723 in
710 687 753 723 L.
779 687 853 733 IV,
893 698 1008 724 versu
1032 686 1187 723 ultimo:
1244 687 1371 724 Maius
1403 696 1436 724 et
1469 686 1641 734 Augusto
1677 691 1799 727 crescit
1831 689 1895 726 sub
1915 689 2073 738 principe

165 751 310 788 eaelum.
348 747 501 785 Scimus
515 750 616 785 enim
636 749 710 784 iam
725 749 856 787 vivum
867 749 1083 798 Augustum
1107 748 1245 787 divinis
1270 755 1353 786 esse
1376 749 1521 785 cultum
1534 749 1770 797 honoribus3
1802 763 1899 789 vera
1912 751 2071 802 quidem

163 802 402 858 ἅπαθὲωσις
433 819 523 861 post
551 818 716 848 mortem
739 810 932 857 insecuta3
966 810 1034 846 sed
1062 811 1144 861 quis
1170 811 1327 861 poe'tam
1352 811 1404 848 ita
1429 819 1579 861 urgeat,
1604 818 1647 848 ut
1667 811 1830 848 alterum
1846 824 1933 848 cum
1949 813 2070 850 altero

163 873 482 911 confundendum
505 873 700 923 deneget?
744 872 900 923 Augent
925 872 1203 911 dubitationem
1226 874 1346 920 MSS„
1372 874 1439 924 qui
1463 881 1503 911 et
1527 875 1648 911 crescit
1673 872 1845 911 referant
1871 883 1909 911 et
1933 884 2069 912 crescet.

160 925 225 972 De
249 948 323 974 usu
346 936 553 973 Maniliano
581 934 877 985 praepositionis
902 936 965 972 sub
1003 936 1077 973 alio
1103 936 1193 974 loco
1229 935 1413 973 dicemus.
1482 937 1662 973 Ceterum
1688 944 1890 986 acceptum
1915 936 2073 987 quidem

161 998 318 1048 utrique
348 998 519 1048 principi
554 997 735 1034 carminis
772 1005 1037 1045 argumentum
1069 996 1208 1043 fuisse,
1242 998 1487 1045 probandum
1513 999 1579 1035 vix
1610 998 1774 1036 videtur.
1824 1000 1887 1034 De
1912 998 2070 1035 Tiberio

163 1058 324 1097 Sueton.
346 1071 385 1097 c.
411 1059 480 1099 69:
527 1059 629 1097 Circa
652 1060 737 1094 eleos
761 1066 795 1094 et
821 1058 1009 1105 religiones
1034 1059 1288 1109 negligentior-,-
1328 1060 1455 1111 quippe
1486 1060 1647 1098 addictus
1677 1061 1966 1107 mathematicae,
1997 1061 2069 1109 ple-

162 1132 296 1169 nusque
312 1122 575 1170 persuasionis,
599 1128 724 1157 cuncta
738 1120 827 1171 Jato
854 1122 927 1168 agi.

342 1211 479 1260 Neque
503 1211 579 1248 alio
604 1220 696 1248 utor
720 1220 949 1262 argumento
983 1213 1174 1261 Bentleii,
1208 1225 1285 1263 quo
1320 1213 1518 1263 Augusteo
1546 1225 1642 1252 aevo
1671 1214 1869 1250 Manilium
1895 1215 1926 1250 it
1948 1213 2069 1251 vindi-

162 1272 305 1309 catum.
339 1271 457 1328 Quod
492 1272 622 1312 verbis
657 1274 701 1310 F.
734 1276 781 1310 A.
809 1273 950 1314 Wolfii
983 1274 1165 1323 referam,
1200 1275 1381 1324 (Literar.
1414 1275 1526 1312 Anal.
1551 1276 1581 1322 Ι,
1611 1288 1648 1325 p.
1675 1274 1753 1324 61.)
1793 1276 1906 1312 simul
1933 1283 2069 1312 contra

160 1331 267 1369 hunc
293 1334 573 1382 disputaturus:
599 1337 690 1374 Von
710 1349 867 1386 grosser
876 1336 1139 1385 wichtigkeit
1162 1336 1308 1373 hielten
1332 1336 1508 1383 Manche,
1533 1336 1719 1372 darunter
1743 1336 1842 1372 einst
1868 1336 1975 1379 Reiz,
1999 1334 2070 1371 der

161 1394 265 1431 mich
291 1404 424 1433 zuerst
450 1396 620 1433 dariiber
644 1397 698 1433 im
721 1398 817 1434 Jahr
842 1396 943 1435 1785
963 1396 1159 1442 belehrte,
1192 1396 1254 1433 die
1289 1397 1378 1433 dort
1410 1396 1449 1432 in
1476 1397 1547 1432 der
1571 1396 1753 1436 Vorrede
1781 1395 1820 1431 S.
1843 1396 1941 1432 XIII.
1967 1396 2067 1432 iiber

161 1457 228 1493 das
262 1458 451 1494 Zeitalter
482 1458 551 1495 des
586 1461 636 1494 Μ.
662 1459 865 1507 gemachte
889 1457 1161 1506 Bemerhung:
1201 1469 1242 1493 es
1273 1461 1403 1494 miisse
1437 1457 1535 1494 auch
1562 1457 1697 1492 darum
1720 1457 1972 1507 nothwendig
1998 1458 2068 1494 der

158 1517 313 1568 Anfang
340 1519 407 1555 des
433 1520 740 1571 Augusteischen
766 1519 858 1565 sein,
883 1518 973 1556 weil
998 1517 1082 1555 sich
1107 1518 1147 1554 in
1170 1517 1259 1554 dem
1286 1516 1476 1555 Gedichte
1501 1517 1605 1554 noch
1626 1517 1716 1554 lzein
1753 1519 1894 1565 ingenii,
1920 1519 2069 1565 consilii,

159 1583 267 1629 spatii
291 1580 396 1617 finde
436 1583 581 1630 (Bentl.
607 1584 696 1618 Ter.
722 1581 846 1617 Andr.
880 1582 932 1628 ΙΙ,
971 1581 1006 1627 1,
1039 1580 1117 1629 20.)
1178 1580 1254 1617 Die
1279 1579 1530 1629 Bemerkung
1556 1579 1605 1616 ist
1633 1579 1728 1616 aber
1751 1580 1983 1627 tiiuschend,
2022 1594 2066 1619 so

160 1641 369 1679 scheinbar
394 1643 450 1679 sie
473 1643 532 1679 ist.
596 1642 673 1678 Die
699 1642 823 1679 Sache
860 1642 959 1679 wird
994 1641 1083 1678 hier
1115 1641 1169 1677 im
1194 1640 1448 1693 Vorbeigehn
1474 1640 1665 1688 erwahnt,
1703 1641 1792 1679 weil
1830 1642 1934 1679 mich
1966 1643 2067 1679 nach

160 1705 296 1754 langer
320 1704 482 1754 eigener
508 1703 741 1754 Ta'uschung
765 1716 864 1753 ganz
897 1714 970 1740 vor
994 1702 1165 1739 Rurzem
1199 1703 1264 1739 die
1299 1702 1570 1754 Durchlesung
1598 1702 1679 1739 und
1713 1703 1779 1739 das
1812 1704 2068 1742 Nachsuchen

159 1766 262 1803 eines
288 1778 465 1815 genauen
475 1765 678 1816 Jiinglings
705 1765 843 1801 anders
868 1764 1025 1802 helehrt
1049 1764 1125 1802 hat.
1177 1765 1276 1801 Jene
1301 1775 1472 1816 neueren
1489 1763 1667 1801 Genitive
1693 1762 1788 1812 sind,
1811 1765 1934 1803 Einen
1953 1767 2066 1804 zwei-

158 1825 346 1865 felhasten
372 1827 458 1865 Fall
485 1839 797 1879 ausgenommen,
824 1826 1031 1877 allerdings
1056 1826 1163 1864 nicht
1187 1826 1241 1862 im
1265 1818 1464 1868 Manilius3
1507 1824 1602 1861 aber
1629 1824 1729 1861 eben
1754 1837 1797 1861 so
1824 1827 1948 1878 wenig
1960 1831 2064 1877 spati,

160 1892 285 1927 consili
311 1899 403 1938 ete.,
442 1905 516 1927 nur
543 1890 607 1926 ein
629 1890 800 1939 einziges
826 1890 904 1925 Mal
930 1891 1052 1935 negoti
1075 1890 1138 1935 111,
1163 1888 1224 1928 92.
1250 1895 1325 1925 etc.
1349 1910 1401 1917 --
1449 1886 1569 1937 Atqui
1599 1899 1676 1923 non
1707 1886 1845 1936 *deesse
1879 1892 2065 1941 exempla,

158 1952 258 1990 haec
285 1952 467 1990 doceant:
508 1953 535 1998 I,
561 1950 657 1990 689:
695 1952 862 1999 sagittari
886 1952 1034 1988 laevam.
1060 1951 1101 1988 it.
1127 1952 1172 2000 11,
1195 1951 1283 1997 211,
1309 1949 1396 1998 560,
1420 1948 1517 1996 5693
1543 1949 1572 1995 Ι,
1596 1947 1689 1998 793:
1727 1958 1759 1986 et
1786 1950 1910 1988 Claudi
1929 1965 2065 2001 magna

152 2027 346 2068 propago,·
380 2018 434 2063 Π,
469 2017 567 2055 233:
612 2028 751 2064 semper
780 2016 969 2066 fundentzs
1002 2016 1138 2063 aquari.
1176 2014 1217 2050 it.
1250 2011 1336 2059 464,
1373 2012 1462 2051 505.
1501 2018 1574 2048 etc.
1644 2012 1781 2061 Neque
1813 2019 1941 2050 tamen
1974 2015 2064 2052 inde

159 2079 400 2129 Augusteam
438 2086 602 2115 aetatem
646 2078 753 2116 effici
790 2078 976 2129 putarim3
1022 2076 1337 2129 quandoquidem
1382 2065 1592 2127 unicuique
1625 2073 1689 2112 vel
1724 2075 1989 2129 recentissimo
2019 2076 2064 2114 li-

161 2140 297 2187 cebat,
332 2139 371 2175 in
398 2151 444 2175 re
472 2139 628 2176 minime
656 2140 787 2190 ignota
814 2139 990 2189 antiquos
1015 2138 1269 2179 sectari.1d
1308 2147 1438 2176 autem
1467 2137 1605 2175 fecisse
1641 2136 1806 2184 multos,
1848 2137 1953 2175 velut
1985 2138 2063 2188 epi-

163 2214 248 2247 cos,
281 2201 347 2253 qui
379 2200 643 2252 sequebantur
678 2201 911 2251 Virgilium,
949 2213 1025 2238 non
1061 2201 1301 2252 ignoramus;
1341 2213 1415 2238 nec
1450 2200 1574 2237 minus
1610 2197 1839 2249 antiquitatis
1870 2198 2061 2237 studiosus

161 2264 349 2301 Manilius.

345 2347 491 2387 Verum
512 2346 685 2384 nondum
710 2345 809 2384 haec
837 2344 969 2383 aetatis
994 2345 1205 2398 disquisitio
1243 2343 1445 2397 profligata
1469 2344 1681 2394 videbitur,
1729 2345 1804 2384 nisi
1828 2357 1927 2396 quae
1952 2341 2062 2381 nobis

104 2450 108 2452 μ
161 2409 247 2446 lites
274 2408 322 2445 ab
352 2408 534 2447 orationis
558 2410 769 2448 vitiositate
793 2415 1019 2457 moventur,
1042 2417 1154 2447 erunt
1176 2409 1424 2457 compositae.
1474 2410 1603 2460 Atque
1630 2408 1782 2459 primos.
1803 2405 1961 2457 quidem'
1984 2406 2061 2443 edi-

151 2480 266 2510 tores
288 2472 397 2509 libris
417 2484 504 2524 ‘non
530 2474 701 2522 optimis,
739 2483 821 2513 tum
855 2472 1093 2522 interpolatis
1127 2485 1219 2511 usos
1253 2484 1331 2509 non
1363 2471 1484 2511 semel
1517 2472 1752 2519 monuimus3
1789 2469 1829 2505 in
1861 2468 1906 2506 iis
1933 2477 2058 2508 autem

158 2534 270 2573 libris
295 2535 533 2585 apertissima
558 2535 693 2574 ulcera
723 2535 967 2575 defunctoria
994 2534 1156 2585 quadam
1184 2546 1303 2585 opera
1330 2543 1507 2573 correcta
1533 2543 1638 2583 sunt,
1683 2531 1864 2583 graviora
1896 2533 1959 2571 vel
1994 2545 2060 2572 ne-
