2295 2824
933 61 1277 107 ...5-

334 182 403 218 Est
428 176 656 218 veraedum
680 177 799 215 altera
826 174 951 224 cansa,
975 188 1044 214 cur
1062 174 1144 215 tam
1159 171 1428 225 ‘discrepantes
1444 174 1503 211 ‘de
1521 174 1667 212 Manilii
1692 173 1815 212 aetate
1841 180 1880 212 et
1899 174 2057 225 ingenio

153 238 367 289 sententiae
392 244 569 294 prolatae
595 248 692 288 sunt,
714 239 767 275 in·
782 238 966 275 orationis
992 248 1031 277 et
1055 238 1270 277 verborum
1294 237 1538 276 memorabili
1562 238 1692 276 indole
1704 239 1842 288 posita.
1883 240 2056 287 Namque

153 307 302 356 oratio,
347 304 466 342 modo
504 311 655 341 tumore
673 296 821 336 “inflata
834 325 845 345 ,
887 299 1005 337 modo
1040 295 1157 351 plane
1196 300 1384 348 demissa,
1435 301 1552 339 modo
1593 300 1769 339 diffluens
1808 299 2056 346 verbositate,

154 369 271 407 modo
295 369 337 406 in
372 362 903 412 brevissimumargutiarum
930 369 1069 413 gyrum
1101 364 1248 401 inclusa
1278 371 1319 400 et
1350 364 1605 415 aenigmatum
1637 363 1887 401 subtilitatem
1913 369 2058 400 sectata

155 430 302 482 ingenti
348 429 512 481 quadam
544 424 823 477 :inaequalitate
870 424 1033 462 laborat.
1129 427 1265 477 Neque
1314 426 1436 463 minus
1478 425 1694 478 inaequalia
1731 426 1877 477 sing-ula
1914 424 2057 472 verba3

157 494 232 530 alia
256 493 409 537 Latina,
430 491 566 537 electa,
592 496 793 537 poetarum
817 500 888 524 usu
912 489 1076 536 sancita,
1102 489 1177 524 alia
1205 488 1366 535 detorta,
1392 500 1508 536 nova,
1535 489 1619 524 sine
1645 487 1843 536 exemplo,
1875 486 2057 522 barbara.

103 545 110 551 ⁸
156 555 267 594 Unde
291 555 324 593 si
349 552 411 590 cui
434 551 501 588 illa
523 549 721 597 sedebant,
742 549 942 599 laudabat,
969 563 1134 602 quorum
1151 550 1256 588 ‘haec
1280 550 1514 600 pepulerant
1538 550 1699 597 animos,
1737 548 1788 585 ad
1811 546 1943 584 infima
1967 559 2057 598 pro·

156 617 362 657 trudebant
386 614 553 650 secula:
579 614 756 650 Fuerunt
780 613 914 658 etiam,
947 613 1015 662 qui
1048 613 1188 649 vitioso
1224 611 1378 659 pulchri
1412 612 1553 648 iudicio
1580 618 1807 660 peccarent3
1846 610 1956 647 velut
1978 617 2057 645 tur·

156 687 319 727 gescens
353 674 627 713 Andromedae
651 673 783 711 fabula
808 674 849 710 in
872 675 917 712 L.
940 675 989 720 V,
1022 673 1086 712 vel
1112 671 1306 711 Ovidiano
1331 672 1488 724 ingenio
1512 672 1635 710 maior
1661 672 1849 724 aliquibus
1879 670 1962 710 visa
1989 676 2059 706 est.

155 737 324 783 Verum,
358 737 430 774 nisi
467 744 590 775 totum
621 738 760 787 poema
793 737 1034 787 suppositum
1064 735 1303 787 putabimus,
1340 737 1446 774 cuius
1471 736 1702 787 suspicionis
1726 737 1833 773 nulla
1856 743 1913 772 est
1943 742 2059 771 eausa

156 798 320 846 idonea,
360 807 464 836 aetas
492 799 658 850 quidem,
686 813 761 850 qua
789 800 837 836 sit
863 811 960 848 opus
988 797 1269 846 conscriptum,
1306 810 1355 835 ex
1385 799 1478 848 ipsis
1505 798 1738 836 carminibus
1762 796 1876 834 facile
1900 795 2060 831 demon·

157 868 307 901 stratur·
365 863 422 901 Ita
447 863 486 901 in
511 863 674 913 Augusti
697 861 875 898 laudibus
901 861 1043 898 multus
1069 869 1137 908 est,
1160 861 1214 897 ita
1238 871 1354 898 aurea
1381 859 1511 897 secula
1535 860 1611 897 iam
1632 859 1783 898 reddita
1808 858 1923 895 terris
1947 867 2058 907 prae-

155 923 270 970 dicat,
294 925 522 964 lamentatur
548 926 597 963 de
624 926 735 963 clade
760 926 940 972 Variana,
967 926 1012 972 (Ι,
1038 923 1133 962 894:
1170 934 1220 969 ut,
1242 924 1394 974 foedere
1405 933 1521 971 rupto,
1548 924 1640 961 Cur'n
1650 925 1730 974 scra
1746 925 1929 961 ductorem
1941 920 2060 967 rapuit

160 987 358 1024 Germania
392 989 532 1026 Varum
548 987 600 1039 ⁶);
627 988 677 1026 de
702 988 808 1025 bello
833 987 1008 1033 Actiaco,
1034 988 1079 1036 (I,
1104 985 1197 1025 912:
1231 986 1400 1024 Necdum
1411 986 1509 1036 finis
1534 996 1630 1029 erat3
1658 987 1835 1033 restabant
1850 987 1945 1022 actia
1959 982 2060 1026 bella,

156 1050 295 1086 Dotali
321 1052 517 1087 commissa
541 1053 635 1095 acie,
680 1053 891 1098 repetitaque
916 1062 1034 1086 rerum
1058 1049 1154 1085 Alea
1177 1049 1209 1085 et
1233 1050 1272 1085 in
1292 1058 1408 1096 ponto
1427 1050 1608 1097 quaesitus
1631 1059 1749 1085 rector
1779 1047 1922 1095 Olympi
1930 1059 1943 1087 3
1993 1042 2060 1080 ubi

158 1119 1659 1128 ——-———-——-.a—-———-————————————-————-——-——-

157 1145 311 1195 nate-saue
332 1155 500 1195 genistae5
546 1156 593 1187 Et
614 1167 667 1187 ma
700 1157 709 1165 ¹
745 1158 923 1197 incomptos
950 1166 1049 1196 opera
1081 1155 1200 1186 tutores
1222 1155 1347 1197 ageatie
1372 1154 1516 1188 Termes.
1567 1154 1745 1196 Refingam
1753 1166 1768 1185 :1
1811 1140 2004 1193 Sefmagis
2024 1153 2060 1183 in

156 1199 301 1235 comptus
325 1205 424 1235 opera
445 1196 577 1226 cultoris
599 1206 660 1238 ege
681 1198 708 1228 it
725 1198 863 1228 Termes.
916 1197 1045 1227 Termes
1065 1201 1212 1225 vocatur
1239 1195 1351 1237 quivis
1372 1195 1524 1226 incultus
1546 1204 1664 1226 ramus
1686 1197 1759 1225 a'rte
1781 1193 2003 1234 dirigendus,
2025 1198 2060 1222 et

158 1234 353 1275 opponitur
372 1236 486 1276 virgae
508 1241 630 1274 turcae,
657 1247 764 1279 quam
786 1238 795 1267 i
824 1243 861 1268 sa
887 1242 1012 1267 natura
1038 1241 1168 1267 rectam
1193 1235 1308 1277 fingit3
1334 1234 1432 1268 velut
1458 1247 1508 1267 vs.
1538 1235 1610 1270 138.
1654 1236 1832 1276 Nunquam
1855 1237 1972 1304 ἓνοηίε
1998 1242 2062 1264 σω

154 1285 309 1320 procerus
331 1276 374 1305 ad
393 1280 472 1306 ae‘ra
488 1280 602 1308 termes
624 1277 725 1309 Exiit.
786 1248 891 1310 dunc
914 1286 995 1325 ergo
1020 1276 1065 1307 ait
1087 1285 1196 1317 opera
1221 1275 1364 1307 cultoris
1386 1286 1489 1317 egere
1511 1278 1555 1309 ad
1575 1282 1731 1317 comptus,
1753 1275 1776 1306 i.
1791 1285 1822 1306 e.
1836 1283 1856 1304 a
1896 1273 2060 1321 decoram

158 1319 193 1345 et
213 1314 334 1344 utilem
355 1316 520 1346 venatori
533 1316 694 1348 formam.
720 1328 770 1348 vs.
793 1317 864 1355 136,
884 1323 1028 1348 restitue
1051 1325 1093 1347 ex
1117 1313 1198 1346 cod:
1226 1317 1326 1347 multo
1347 1321 1423 1347 sunt
1439 1319 1561 1357 facta
1587 1318 1694 1347 labore
1719 1317 1845 1352 Cetera,
1866 1324 1949 1355 quae
1973 1314 2061 1344 adon

157 1359 271 1386 errant
292 1355 424 1386 hastilia
446 1357 577 1387 nostris.
633 1357 822 1400 Corrigunt
836 1360 940 1399 ficta5
973 1356 1036 1387 sed
1055 1359 1155 1396 sacta
1178 1362 1260 1387 sunt
1282 1356 1408 1397 polita,
1430 1362 1470 1387 nt
1490 1367 1507 1387 a
1537 1356 1722 1389 udflorat.
1743 1355 1856 1388 Serm-
1886 1355 1926 1393 1.‚
1948 1354 1980 1392 5,
2000 1353 2058 1387 32:

152 1396 267 1436 factus
297 1395 342 1426 ad
362 1405 504 1438 unguem
529 1397 643 1435 homo3
675 1406 732 1439 ap,
760 1397 831 1430 Cic.
860 1398 959 1429 Brut.
982 1396 1018 1431 8:
1045 1400 1146 1437 facta
1170 1398 1274 1429 oratio
1299 1402 1362 1429 etc.
1387 1397 1448 1428 Vs.
1466 1398 1503 1433 14
1527 1420 1535 1428 .
1560 1397 1605 1428 ita
1631 1396 1775 1439 legitur:
1792 1394 1934 1426 Hastilia
1961 1395 2059 1426 caede

157 1446 271 1472 manu,
301 1436 376 1465 dum
398 1437 566 1475 pomiferis
598 1439 779 1468 advertitur
806 1449 911 1468 annus
931 1438 1130 1473 Frondibusm
1155 1442 1187 1467 et
1216 1438 1340 1477 tepidos
1366 1441 1539 1468 autumnus
1559 1438 1701 1468 continet
1721 1438 1845 1467 imbres.
1888 1435 2002 1465 Vertit
2022 1440 2057 1465 et

158 1475 307 1506 vertitur
333 1484 457 1513 annus,
479 1475 539 1506 sed
564 1487 636 1507 non
663 1476 857 1507 advertitur
884 1477 1002 1507 hortis.
1042 1476 1133 1508 Cod:
1165 1487 1285 1514 armes,-
1318 1476 1469 1518 corrige:
1503 1478 1684 1509 advertitur
1711 1476 1836 1510 amuis
1862 1475 2054 1505 Fraudibus.

157 1514 349 1562 Praecipit,
372 1519 412 1544 ut
438 1515 567 1546 hastilia
594 1516 708 1558 primo
735 1523 904 1547 autumno
927 1516 1132 1555 caedantur,
1160 1516 1302 1558 quando
1329 1522 1514 1557 tempestas
1542 1523 1591 1549 est
1617 1516 1725 1547 arida.
1773 1516 1867 1546 Tum
1893 1515 1987 1545 rivos
2013 1514 2057 1544 ad

159 1564 321 1596 pomaria·
346 1554 585 1587 advertebant.
608 1556 644 1587 cf
667 1555 758 1588 otfr.
787 1558 920 1588 Miiller
945 1557 1154 1595 Hetrusker,
1191 1557 1235 1595 11,
1268 1558 1320 1590 52.
1363 1556 1501 1588 Colum.
1528 1558 1572 1597 X,
1597 1558 1655 1591 49:
1687 1558 1734 1588 At
1764 1556 1793 1588 si
1821 1557 1923 1586 cruda
1949 1560 2056 1586 manet

158 1596 247 1626 caelo
265 1596 386 1626 durata
406 1606 529 1633 sereno,
555 1596 637 1628 Tum
656 1598 737 1628 iussi
755 1598 887 1629 veniant
911 1597 1024 1628 declivi
1041 1597 1172 1629 tramite
1193 1598 1264 1629 rivi.
1288 1595 1360 1629 Sed
1383 1596 1489 1639 plura
1510 1597 1547 1629 in
1569 1597 1665 1629 aliud
1686 1603 1825 1639 tempus
1841 1594 2058 1638 reponenda.

158 1635 287 1668 Melius
310 1635 453 1668 fortasse
478 1637 604 1680 aliquis
628 1643 722 1668 teste·
734 1638 873 1669 Velleio
904 1644 1033 1677 utatur,
1067 1638 1187 1669 Manil.
1209 1648 1274 1669 suo
1299 1647 1387 1669 aevo
1415 1648 1487 1669 non
1517 1639 1673 1681 ignotum
1699 1638 1805 1668 fuisse
1828 1637 2055 1678 probaturus.-

158 1676 210 1707 Ita
232 1676 325 1708 enim
347 1676 443 1707 Man.
467 1677 527 1715 IV,
549 1679 625 1711 767:
657 1678 799 1718 Tumque
815 1681 927 1710 domus
943 1689 1017 1710 vere
1038 1679 1122 1709 Solis
1142 1678 1321 1717 (Rhodos)
1344 1679 1398 1709 cm·
1413 1683 1485 1709 tota
1505 1684 1639 1710 sacrata
1658 1683 1723 1715 est,
1752 1679 1831 1708 Cum
1851 1682 1983 1718 caperet
2003 1678 2059 1708 lu·

161 1725 245 1748 men
267 1716 383 1757 magni
401 1717 459 1747 sub
484 1717 622 1749 Caesare
641 1720 763 1750 mundi.
785 1719 907 1751 Lumen
927 1719 1039 1750 mundi
1059 1724 1108 1749 est
1130 1717 1304 1749 Tiberius.
1347 1717 1464 1763 Quem
1488 1719 1640 1750 eundem
1659 1717 1786 1749 Vellei.
1818 1717 1861 1754 11,
1877 1721 1934 1754 99:
1966 1729 2061 1750 vere

161 1757 298 1790 alteram
320 1757 399 1798 reip.
422 1758 497 1788 lum
508 1769 572 1796 ους
594 1758 655 1789 ubi
677 1770 750 1790 cere
769 1760 909 1790 videtur
930 1758 1128 1790 nobilitatae
1150 1764 1235 1789 tunc
1256 1757 1404 1790 alicuius
1425 1759 1615 1791 sententiae
1631 1759 1867 1791 assensionem
1883 1759 1920 1791 in
1942 1769 1978 1790 se
2002 1760 2059 1790 ha-

160 1796 259 1828 bere.
301 1796 404 1827 Haud
425 1798 567 1828 minima
595 1799 697 1830 etiam
719 1799 812 1830 inter
833 1801 927 1831 Man.
952 1805 985 1829 et
1014 1799 1127 1830 Lucil.
1150 1799 1288 1831 Junior.
1311 1799 1503 1831 similitudo
1526 1801 1719 1831 verborum
1742 1806 1776 1831 et
1795 1800 2058 1839 sententiarum,

161 1846 268 1884 quam
291 1836 326 1867 in
350 1837 453 1868 huius
475 1839 586 1869 Aema
606 1849 702 1870 exem
729 1838 771 1869 lis
792 1839 908 1870 multis
929 1839 1013 1870 mihi
1033 1844 1239 1870 monstrasse
1260 1838 1395 1871 videor.
1432 1840 1578 1883 Egregie
1601 1841 1703 1872 etiam
1721 1850 1801 1871 eum
1823 1842 1919 1872 Man.
1934 1841 2055 1872 Neme-

159 1886 276 1908 sianus
299 1877 450 1908 concinit
469 1879 543 1910 Ecl.
567 1879 592 1918 I,
616 1880 672 1912 40:
723 1890 775 1910 am
797 1881 827 1910 si
852 1881 998 1911 sublimes
1025 1881 1151 1910 animae
1178 1881 1329 1911 caelestia
1351 1881 1472 1922 templa
1490 1882 1700 1922 sidereasque
1722 1882 1831 1913 colunt
1851 1882 1942 1913 sedes
1965 1892 2055 1911 muu-

159 1920 263 1958 doque
280 1919 453 1957 fruuntur,
477 1920 572 1950 Man.
595 1919 623 1958 1,
649 1920 727 1954 759:
771 1921 848 1952 Huc
876 1922 1023 1962 migrant
1044 1931 1082 1951 ex
1106 1922 1179 1952 orbe
1201 1931 1355 1962 suumque
1380 1922 1563 1953 habitantia
1596 1923 1719 1954 caelum
1745 1923 1918 1954 Aether-eos
1948 1923 2056 1952 vivuat

156 1968 262 1995 annes
281 1959 460 1997 mundoque
497 1965 646 1991 ruuntur.
695 1961 817 1992 Unum
838 1962 919 1994 novi
941 1961 1076 1997 locum,
1098 1960 1159 2002 qui
1181 1962 1277 1992 omni
1300 1961 1405 1992 modo
1433 1972 1473 1993 ex
1501 1963 1596 1993 Man.
1619 1969 1754 1993 sumtus
1777 1962 1948 1994 videatur.
1988 1960 2054 1991 Hic

161 1998 254 2029 enim
282 1998 326 2036 V,
348 1999 406 2030 12:
480 2000 531 2029 inc
550 2005 645 2031 vocat
677 2001 777 2032 Orion
804 2003 919 2044 magni
940 2012 1023 2045 pars
1051 2001 1189 2031 maxima
1223 2002 1313 2033 caeli.
1369 2002 1475 2048 Quod
1503 2013 1615 2045 quum
1643 2003 1679 2034 in
1712 2003 1843 2044 ingenti
1874 2003 1936 2033 isto
1960 2006 2053 2032 astro

162 2039 343 2072 commode
368 2038 513 2077 dicatur,
537 2040 743 2084 elevantiam
767 2042 957 2074 admiratus
978 2052 1049 2074 non
1072 2041 1245 2084 aptissime
1265 2042 1302 2074 in
1327 2042 1450 2075 laudes
1461 2044 1585 2076 Lunae
1607 2045 1782 2079 transtulit
1802 2045 1844 2083 is,
1866 2041 2053 2092 quiEpigr.

192 2080 235 2118 V,
255 2080 295 2111 L.
317 2080 361 2120 V,
382 2081 483 2111 To‘m.
504 2080 547 2111 11.
592 2065 734 2113 ¹Authol.
755 2083 878 2114 Burin.
899 2082 1109 2125 composuit:
1135 2083 1231 2115 Ituna
1250 2085 1345 2116 decus
1366 2086 1487 2123 mundi,
1506 2086 1621 2129 magui
1636 2097 1720 2127 pare
1738 2086 1875 2117 maxima
1894 2084 1986 2116 caele.

297 2132 326 2177 ⁸)
350 2131 415 2162 Hic
433 2131 469 2163 in
490 2131 690 2164 transcursu
711 2134 847 2166 Velleio
870 2143 967 2165 suam
988 2142 1131 2165 manum
1154 2134 1235 2175 (nisi
1252 2135 1424 2179 fallimur)
1446 2138 1632 2171 reddamus
1654 2138 1698 2177 11,
1715 2138 1789 2171 105:
1811 2138 2056 2169 Recensenml·

160 2180 215 2202 res
240 2178 259 2199 a
282 2170 424 2203 Tiberio
446 2183 477 2204 a.
502 2184 537 2215 p.
564 2174 644 2206 Chr.
668 2174 792 2216 quinto
815 2175 851 2205 in
874 2174 1061 2207 Germania
1079 2182 1208 2216 gestae:
1242 2178 1375 2211 Intrata
1392 2182 1543 2221 protinus
1566 2181 1745 2216 Germania,
1765 2179 1892 2209 subacti
1914 2178 2054 2209 Catine-

154 2214 258 2252 fates,
284 2211 448 2260 Attuarii,-
459 2214 625 2252 Bructeri,
655 2216 776 2256 recepti
799 2215 967 2254 Cherusci,
994 2220 1027 2247 et
1049 2217 1169 2255 amnis,
1205 2229 1279 2250 moa·
1299 2225 1413 2252 nostra
1434 2222 1523 2252 clade
1546 2222 1673 2256 nobilis,
1699 2219 1859 2251 transitus
1886 2219 2054 2260 Visurgin

156 2255 330 2301 penetrata
350 2251 517 2298 ulteriora,
540 2261 603 2287 etc.
647 2256 688 2287 In
710 2267 783 2304 quo
807 2268 870 2289 nos
891 2257 1044 2299 primum
1065 2256 1164 2298 erigit
1184 2258 1342 2292 medium
1365 2261 1553 2301 asyndeton
1577 2259 1781 2302 interposita
1803 2264 1836 2292 et
1855 2259 1929 2292 sine
1953 2267 2053 2289 causa

159 2296 330 2339 tractum-3
353 2301 464 2322 maior
487 2295 618 2326 accedit
639 2298 808 2339 suspicio,
835 2298 862 2329 si
885 2308 991 2340 quam
1014 2297 1116 2338 longe
1139 2298 1183 2329 ab
1207 2299 1287 2331 edit.
1311 2301 1423 2341 princ.
1447 2306 1659 2331 correctores
1683 2299 1846 2339 abierint,
1872 2299 2063 2337 videmusi

160 2333 250 2381 haee
269 2340 377 2382 emm:
400 2334 521 2373 recepti
541 2335 693 2368 Cherusci
709 2343 825 2379 gentes
854 2343 885 2370 et
914 2339 1113 2369 inamminae.
1172 2340 1275 2372 Unde
1302 2340 1427 2381 legam:
1466 2342 1587 2388 recepti
1611 2341 1776 2380 Cherusci,
1797 2340 1906 2383 gentis
1926 2343 1959 2371 et
1985 2339 2054 2372 eius

159 2374 337 2415 Armmwb
363 2383 435 2422 mox
466 2378 579 2406 nostra
608 2377 700 2409 clade
725 2379 839 2410 nobilis
862 2401 869 2409 .
891 2380 958 2417 eius
990 2378 1198 2420 compendio
1223 2379 1388 2412 scribitur
1414 2392 1471 2419 ez·‚·
1505 2385 1586 2413 lunc
1614 2381 1744 2414 factum
1775 2384 1820 2414 iu.
1853 2381 1885 2412 A
1907 2379 2053 2412 Tiberio

156 2418 250 2460 tunc·
265 2414 412 2460 {tomam
436 2413 625 2461 deductum
649 2426 721 2463 esse
743 2418 952 2458 Arminium,
976 2429 1085 2461 quum
1104 2420 1326 2462 reciperentur
1350 2420 1528 2457 Cherusci,
1558 2421 1749 2455 admodum
1776 2427 1826 2453 est
1851 2420 2051 2464 probabile.

156 2452 353 2498 ‘Arminium
390 2460 506 2486 autem
537 2465 585 2486 sic
616 2458 850 2490 nanciscimur
880 2460 1001 2492 XXIII.
1037 2469 1146 2491 annos
1180 2467 1300 2492 natiun
1333 2470 1373 2492 ae
1436 2471 1475 2493 er
1497 2463 1649 2494 lustrum
1676 2462 1832 2496 moribus
1861 2467 1896 2494 et
1921 2461 2052 2494 artibus

155 2497 361 2525 instructum
382 2495 557 2536 Romanis,
583 2506 652 2538 qua
674 2508 792 2541 neque
812 2506 921 2533 aetate
946 2511 1011 2532 nec
1030 2505 1232 2542 tempestate
1254 2501 1368 2545 aptior
1390 2472 1464 2534 isla
1487 2504 1699 2546 reperiatur·
